3312 5060
300 325 322 368 11

259 511 326 558 non
351 489 522 558 defuerunt
555 491 672 576 quibus
693 493 801 557 minus
824 493 875 558 ille
897 499 1012 558 auctor
1034 494 1177 576 placeret
1189 493 1225 578 l),
1248 513 1315 558 non
1336 493 1386 557 in-

256 613 340 678 iuste
362 611 439 676 mihi
461 611 654 677 videbantur
680 618 807 678 veteres
840 613 1025 708 scriptores,
1058 633 1197 696 quorum
1230 609 1385 678 iudicium

257 731 390 796 minime
410 738 460 796 est
479 731 708 813 spernendum,
725 751 798 798 eum
818 731 967 797 laudibus
989 733 1141 798 extulisse
1151 733 1187 818 ²).
1219 733 1275 797 Est
1297 733 1385 798 enim

257 869 365 917 sermo
388 851 493 916 Plauti
514 856 547 916 et
569 851 704 934 simplex
726 858 758 917 et
781 851 926 917 sincerus
949 859 981 917 et
1003 851 1058 916 ubi
1074 871 1094 916 a
1108 850 1265 918 Cicerone
1281 851 1385 917 diiiert

257 971 359 1036 multo
386 972 457 1053 plus
483 971 610 1036 videtur
639 970 809 1037 vetustatis
831 990 930 1054 quam
953 971 1147 1036 barbarismi
1168 971 1304 1051 habere;
1328 991 1384 1036 co-

257 1090 405 1156 moediae
438 1091 517 1170 eius,
541 1090 658 1174 quibus
691 1109 744 1155 res
771 1109 789 1155 e
817 1091 924 1155 media
952 1093 1019 1156 vita
1047 1093 1168 1172 petitae
1193 1097 1384 1171 tractantur,

261 1210 439 1293 perfectam
475 1209 633 1293 praebent
669 1210 844 1292 imaginem
880 1210 1041 1276 sermonis
1079 1211 1243 1290 cotidiani,
1281 1211 1386 1292 qualis

252 1331 370 1425 ,prisea
410 1336 519 1396 aetate
554 1336 634 1411 erat,
668 1330 765 1412 idque
795 1331 842 1395 eis
869 1331 924 1414 qui
949 1330 1078 1412 linguae
1106 1331 1238 1396 student
1267 1329 1385 1396 bucini

252 1450 367 1534 'potius
382 1470 481 1534 quam
504 1450 625 1516 damno
647 1469 720 1516 esse
743 1457 880 1532 oportet.
914 1449 1094 1532 Sperabam
1117 1451 1213 1532 igitur
1234 1451 1384 1532 genetivo

257 1571 406 1636 Plautino
432 1589 531 1653 quam
561 1590 692 1653 possam
721 1571 890 1654 diligenter
916 1571 1083 1653 explorato
1113 1570 1234 1653 aliquid
1261 1571 1385 1636 novin

259 1709 311 1755 me
333 1691 467 1756 allatum
489 1691 538 1771 iri,
562 1691 649 1775 qnod
672 1691 713 1756 ad
729 1691 914 1758 universam
931 1691 1026 1756 huius
1041 1709 1138 1756 casus
1153 1690 1312 1756 rationem
1330 1707 1385 1754 ex·
1461 1761 1471 1778 ,

258 1812 444 1896 ponendam
465 1811 618 1876 idoneum
641 1817 735 1877 esset.
769 1811 876 1891 Quare
891 1829 1092 1892 quamquam
1107 1811 1141 1872 in
1155 1810 1219 1874 hac
1232 1809 1384 1874 disserta-

260 1932 349 1997 tione
372 1931 516 2014 singulos
545 1951 621 1996 usus
650 1929 853 1995 describendi
881 1935 992 2011 partes
1014 1929 1202 2011 potissimas
1223 1929 1274 2019 rel
1297 1928 1385 1994 solas

259 2069 332 2117 esse
354 2069 445 2117 meas
477 2049 713 2129 existimabam,
743 2049 784 2115 de
813 2067 1029 2132 rerumquae
1062 2048 1257 2114 adterendae
1291 2054 1385 2112 erant

259 2172 373 2238 ordine
396 2191 469 2236 cnm
493 2171 573 2235 mibi
587 2190 653 2236 non
673 2170 837 2253 placerent
852 2169 971 2234 tradita
986 2169 1274 2251 grammaticorum
1290 2185 1386 2249 prae·

138 2283 139 2286 '
259 2297 364 2374 cepta,
388 2296 423 2354 ut
446 2291 590 2370 meliora,
613 2290 640 2354 si
662 2290 729 2356 fieri
752 2295 872 2372 posset,
889 2289 1075 2372 reperirem,
1091 2289 1275 2354 universam
1297 2287 1385 2352 illam

261 2411 301 2476 de
322 2410 463 2492 genetivi
485 2411 609 2492 origine
631 2411 858 2493 quaestionem
874 2428 922 2475 ne
943 2428 1030 2474 nunc
1049 2408 1180 2491 quidem
1197 2407 1276 2472 mihi
1292 2427 1385 2490 pror-

245 2549 316 2595 ·sus
337 2530 536 2596 reiciendum
559 2529 793 2612 intellegebam.

360 2771 428 2835 lam
458 2771 513 2834 diu
542 2770 626 2836 inter
658 2770 747 2834 viros
774 2770 889 2834 doctos
924 2768 964 2832 de
991 2785 1070 2833 vera
1100 2766 1241 2850 genetivi
1269 2771 1387 2830 natura

260 2890 426 2956 contentio
453 2895 513 2970 est,
544 2907 651 2973 neque
677 2889 784 2954 adbuc
812 2907 852 2954 ea
878 2906 931 2952 res
958 2887 1133 2952 diiudicata
1163 2893 1221 2952 est.
1264 2885 1326 2950 Alii
1353 2885 1386 2950 in

260 3010 323 3076 loci
344 3009 532 3076 notionibus
555 3009 713 3091 originem
735 3007 804 3073 eius
826 3007 1008 3090 repperisse
1030 3007 1090 3072 sibi
1112 3005 1316 3086 videbantur,
1333 3005 1386 3070 alii

260 3129 519 3212 grammaticum,
549 3135 586 3192 ut
613 3128 714 3208 aiunt,
745 3127 1052 3211 adnominalemque
1079 3145 1153 3192 eum
1181 3145 1255 3192 esse
1286 3126 1387 3192 male-

219 3281 221 3286 ·
262 3250 358 3330 bant3
389 3256 421 3315 et
449 3267 648 3333 quamquam
677 3255 790 3314 nostra
819 3255 927 3314 aetate
953 3249 1037 3314 haec
1067 3247 1229 3314 sententia
1259 3244 1387 3328 pervul-

260 3375 337 3453 gata
367 3378 426 3451 est,
460 3376 537 3434 sunt
565 3375 676 3434 tamen
705 3369 760 3453 qui
786 3369 873 3434 illam
896 3369 1141 3451 amplectuntur.
1185 3365 1386 3430 Vetustiores

260 3489 464 3573 grammatici
479 3489 624 3555 nonnulli
639 3490 855 3572 separativam
877 3489 1044 3554 notionem
1067 3485 1223 3568 genetiuis
1246 3483 1385 3564 plerum·

260 3628 324 3694 que
346 3610 540 3690 tribuebant
562 3629 650 3675 nunc
672 3610 726 3692 qni
750 3610 886 3675 localem
908 3613 1060 3672 naturam
1080 3605 1110 3669 ei
1129 3605 1237 3668 inesse
1252 3606 1386 3666 censent

260 3729 435 3795 locatiram
462 3730 602 3796 maxime
634 3731 700 3794 rirn
733 3747 806 3797 esse
832 3725 1040 3793 contendunt.
1083 3723 1156 3804 Qua
1177 3723 1211 3786 in
1232 3740 1269 3786 re
1292 3737 1386 3802 proe-

364 3970 385 4038 1)
404 3969 600 4022 Gravissimum
618 3966 748 4020 iudicium
761 3966 795 4018 de
807 3979 838 4017 eo
848 3963 914 4018 iecit
928 3961 1064 4016 Deecke
1077 3961 1104 4015 in
1116 3961 1196 4030 libro,
1209 3975 1289 4028 quem
1302 3975 1389 4028 nuper

263 4053 358 4120 edidit,
383 4055 510 4124 Beitrtge
532 4071 589 4124 zur,
608 4053 774 4120 Auffassnng
801 4049 851 4103 der
868 4047 1046 4102 lateiniscben
1066 4046 1204 4114 Infinitiv·,
1225 4045 1387 4100 Gerundial·

261 4137 709 4207 undSupinum-Konstrnktioncn
726 4134 902 4205 (Miiihausen
920 4135 938 4186 i.
957 4131 989 4186 E.
1011 4133 1097 4202 1890).

364 4224 384 4294 ²)
403 4225 459 4278 Gir.
478 4224 596 4291 Ussingii
615 4223 720 4292 Proleg.
739 4239 765 4290 p.
785 4221 843 4275 146.

811 4368 822 4401 Ι
