3312 5060
1296 347 1336 410 41

255 559 369 631 totum,
403 551 490 633 quod
522 551 645 616 ironice
669 553 718 616 vel
744 572 820 617 cum
847 558 1035 634 contemptu
1057 551 1197 633 quodam
1221 551 1382 633 exprima-

255 655 353 740 tui-¹).
396 654 519 719 Horum
541 656 772 736 pronominum
794 657 889 738 longe
911 655 1157 719 usitatissimum
1179 661 1229 720 cst

358 755 442 841 quid,
470 758 562 822 cuius
589 777 662 822 cum
685 759 834 840 genetivo
858 760 1035 822 constructi
1057 759 1216 839 permulta
1238 763 1270 822 ct
1292 757 1384 821 varia

257 866 330 924 sunt
351 861 507 942 exempla.
551 860 678 925 Primus
700 863 791 926 locus
816 861 951 926 debetur
971 860 1120 941 genetivo
1143 861 1254 940 nepoti.

357 963 443 1027 Talis
473 962 645 1028 verborum
680 965 866 1029 coniunctio
896 983 972 1028 cum
993 964 1027 1027 in
1048 962 1203 1027 formulas
1226 962 1384 1044 quasdam

256 1072 362 1130 certas
389 1065 513 1146 abierit,
545 1066 609 1132 hae
635 1067 791 1149 aliquanti
818 1067 975 1132 momenti
997 1073 1072 1131 sunt
1095 1067 1127 1129 in
1149 1064 1266 1128 fabulis
1288 1064 1385 1129 Plau-

255 1169 331 1232 tinis
364 1169 583 1234 emendandis.
627 1170 701 1234 lllae
731 1190 808 1236 vero
839 1169 1006 1250 formulae,
1040 1169 1080 1234 de
1107 1168 1224 1251 quibus
1252 1168 1385 1249 copiose

256 1271 500 1353 disputaverunt
528 1272 653 1338 Becker
664 1273 690 1352 2)
719 1279 750 1338 et
777 1271 912 1358 Loch⁸),
942 1279 1033 1337 ortae
1055 1277 1129 1336 sunt
1153 1277 1209 1335 aut
1231 1270 1281 1333 his
1304 1270 1385 1334 dua-

256 1374 316 1438 bus
345 1373 479 1440 vocibus
513 1375 708 1442 coniunctis:
742 1376 820 1458 quid
846 1377 950 1458 nepoti
977 1382 1030 1454 est,
1061 1380 1116 1439 aut
1139 1372 1385 1456 pronominibus

256 1477 519 1542 demonstrativis
549 1477 614 1554 boc,
648 1479 725 1540 illuc
752 1480 834 1540 istuc
861 1479 992 1542 additis:
1027 1477 1105 1560 quid
1130 1476 1186 1538 boc
1212 1475 1316 1550 negoti
1342 1481 1386 1536 est

257 1587 326 1657 cet,
358 1586 414 1643 aut
436 1579 545 1643 dativo
569 1597 729 1661 personae
752 1581 875 1644 addito:
908 1580 986 1662 quid
1007 1579 1063 1642 tibi
1084 1578 1188 1660 nepoti
1210 1585 1272 1653 est3
1305 1577 1385 1642 ordo

259 1687 367 1744 autem
395 1680 628 1745 vocabulorum
658 1688 813 1747 constans
843 1702 909 1747 non
932 1683 1028 1766 est4).
1071 1682 1118 1747 De
1140 1682 1385 1764 pronominibus

259 1787 366 1846 autum
408 1781 671 1848 demonstrativis
704 1785 893 1850 adhibendis
927 1787 953 1849 si
987 1786 1089 1867 legem
1128 1785 1267 1867 quaeris,
1307 1785 1386 1848 nihil

258 1883 345 1948 aliud
371 1903 429 1965 pro
460 1892 549 1950 certo
576 1886 760 1951 confirmari
786 1907 884 1970 posse
910 1888 1044 1966 videtur,
1074 1906 1172 1970 quam
1196 1905 1324 1969 semper
1347 1905 1387 1950 ea

257 1987 457 2052 admittenda
484 2006 565 2065 esse,
593 1989 647 2054 ubi
674 1999 830 2073 sequente
858 1991 1085 2056 enunciatione
1113 1991 1308 2056 secundaria
1329 2007 1385 2054 ex-

257 2089 386 2171 plicatio
421 2092 582 2174 quaedam
615 2093 752 2174 additur,
788 2095 829 2158 ad
857 2113 956 2177 quam
977 2100 1103 2176 spectat
1126 2111 1307 2175 pronomen
1330 2093 1386 2156 de-

258 2194 505 2257 monstrativum
527 2193 624 2278 (sicui
646 2213 694 2260 ex.
716 2216 761 2278 gr.
780 2195 903 2278 ¹Amph.
919 2197 982 2261 502
997 2196 1074 2279 quid
1088 2197 1169 2258 istuc
1190 2202 1242 2271 est,
1264 2196 1308 2256 uri
1322 2196 1385 2271 uir,

258 2295 369 2374 negoti,
397 2296 479 2377 qaod
501 2303 535 2358 ta
557 2303 621 2359 tom
642 2297 742 2360 sribito
764 2299 852 2361 domo
875 2298 990 2381 abeas),
1017 2318 1196 2382 numquam
1219 2305 1328 2364 autem
1350 2300 1384 2362 in

258 2396 305 2461 eis
326 2395 480 2478 formulis,
504 2399 620 2481 quibus
643 2401 772 2464 additus
795 2409 843 2466 est
867 2402 993 2466 dativus
1013 2420 1180 2484 personae.
1214 2402 1387 2467 Praeterea

259 2518 334 2563 cum
355 2500 409 2565 illa
431 2521 561 2584 quoque
587 2505 782 2584 pronomina
804 2506 1059 2571 demonstrativa
1082 2508 1152 2571 sola
1174 2526 1248 2571 cum
1272 2506 1387 2570 eodem

258 2604 407 2683 genetivo
431 2605 560 2685 saepius
583 2607 764 2688 iungantur,
789 2609 937 2690 quaestio
960 2610 1069 2688 oritur,
1085 2610 1149 2672 utri
1163 2609 1271 2691 potius
1285 2608 1387 2671 tribu-

259 2707 361 2770 endus
382 2708 424 2770 sit
444 2709 623 2789 genetivus
646 2712 831 2791 pronomini
854 2713 1096 2795 interrogativo,
1120 2731 1161 2776 an
1182 2712 1386 2777 demonstra-

258 2809 324 2874 tivo
347 2808 416 2890 (cfr.
438 2810 522 2875 infra
543 2813 701 2895 quispiam
721 2815 900 2876 rriciuoruut
919 2815 1052 2898 oliqttis;
1075 2823 1106 2881 et
1122 2834 1220 2897 supra
1235 2815 1387 2876 ruilistius

259 2913 434 2995 quicquum,
451 2914 532 2999 cet).
565 2916 714 2998 Namque
737 2918 798 2982 etsi
820 2917 952 2982 dubium
971 2937 1038 2982 non
1053 2925 1112 2999 est,
1133 2919 1211 3001 quin
1226 2918 1259 2980 in
1275 2917 1388 2998 pleris-

260 3033 323 3096 que
356 3018 508 3098 exemplis
538 3020 706 3100 genetivus
736 3039 776 3085 ex
808 3021 885 3103 quid
917 3021 1065 3103 pendeat,
1099 3021 1245 3086 nonnulli
1277 3028 1389 3085 tamen

259 3117 445 3182 ineniuntur
465 3119 538 3200 loci,
562 3121 594 3184 in
618 3121 734 3203 quibus
755 3125 924 3216 genetivus
946 3144 1020 3188 cum
1043 3124 1236 3206 pronomine
1250 3124 1386 3188 demon-

261 3221 396 3285 strativo
418 3223 579 3288 artissime
599 3224 775 3290 cohaerere
795 3226 950 3291 videatur.
984 3226 1106 3306 Quibus
1122 3227 1162 3292 de
1180 3227 1287 3308 causis
1304 3227 1388 3290 hanc

261 3327 364 3386 totam
386 3325 621 3405 quaestionem,
643 3327 703 3391 etsi
719 3327 760 3391 ad
775 3329 975 3409 pronominis
992 3329 1236 3394 demonstrativi
1251 3329 1316 3393 vim
1332 3346 1389 3392 ex-

261 3426 458 3506 planandam
480 3427 619 3493 l'ortasse
641 3431 745 3511 magis
767 3431 915 3512 pertinet,
939 3432 1017 3495 mihi
1040 3450 1170 3515 quoque
1184 3433 1231 3495 ita
1247 3431 1388 3495 subeun-

262 3527 336 3592 dam
348 3547 420 3594 esse
432 3530 516 3609 duxi,
531 3537 567 3594 ut
582 3532 615 3595 in
631 3551 695 3614 quo
711 3550 820 3597 rerum
836 3553 876 3598 ac
891 3535 1123 3599 sententiarum
1139 3553 1224 3599 nexu
1239 3534 1311 3598 illae
1323 3532 1388 3597 for-

263 3633 369 3697 mulae
390 3640 565 3715 usurpatae
588 3641 706 3716 essent,
725 3637 938 3701 ostenderem.
971 3638 1083 3720 ltaque
1097 3635 1235 3702 formula
1250 3637 1303 3700 illa
1318 3637 1388 3700 sola

364 3736 441 3816 quid
468 3738 572 3818 nepoti
601 3744 644 3799 cst
673 3738 866 3820 absolute,
894 3741 913 3803 i.
944 3759 970 3804 e.
998 3759 1017 3804 a
1044 3740 1131 3805 nulla
1159 3757 1265 3822 neque
1293 3757 1389 3820 prae-

364 3925 385 3990 1)
404 3923 458 3978 Gir.
481 3924 727 3992 Reisig-Haase
752 3927 814 3980 Lat.
841 3928 943 3996 syntax
967 3926 1172 3982 neubearbeitet
1194 3941 1246 3980 von
1264 3923 1389 3978 Schmalz

263 4024 288 4059 u.
307 4007 450 4076 Landgraf
464 4009 553 4079 (1888)
572 4010 633 4063 ado.
653 4011 703 4062 530
721 4027 746 4078 p.
766 4013 824 4064 565.

364 4094 385 4161 ²)
402 4093 605 4149 Studemund
623 4096 719 4150 Studia
738 4098 765 4150 in
783 4099 864 4165 prisc.
883 4098 976 4165 script.
994 4098 1094 4151 collata
1112 4097 1124 4148 Ι
1143 4113 1168 4163 p.
1187 4095 1238 4147 178
1257 4110 1315 4162 sqq.

364 4179 385 4246 ³)
404 4179 420 4231 l.
439 4195 461 4232 o.
479 4197 504 4247 p.
524 4180 557 4232 14
575 4197 631 4249 sqq.

366 4265 388 4332 ⁴)
407 4265 448 4317 De
466 4265 520 4317 ictu
538 4283 562 4318 v.
581 4267 655 4319 Loch
674 4267 691 4321 l.
710 4267 727 4319 l.
746 4284 772 4334 p.
795 4269 823 4319 16
842 4274 899 4320 not.
