3306 5060
1260 343 1321 407 119

242 600 247 606 .
340 546 437 629 saur,
466 546 582 627 sarion
612 553 671 613 eet.
717 545 788 612 Ces.
820 548 882 612 661
912 553 999 610 sutor
1027 554 1191 630 sartorque
1216 548 1365 612 sreiuuro

237 657 266 724 et
286 671 401 714 messor
422 671 577 714 mouirme.

340 751 535 838 suppostrix·
576 753 668 818 True.
696 754 758 819 763
780 751 837 815 tibi
857 753 988 816 iuieiom
1009 773 1138 815 mortuui
1159 752 1362 834 quadrupedi,

237 855 386 938 uouefieu,
409 856 592 938 suppostrix
608 875 755 938 puerum.

286 994 289 1001 ·
339 955 449 1022 initur.
480 957 564 1022 Men·
586 959 649 1024 268
672 964 705 1019 tu
728 977 862 1040 mupuus
883 957 977 1019 tritor
990 956 1013 1040 ¹)
1036 957 1203 1018 ruuiieruru
1222 975 1262 1034 es,
1279 955 1364 1020 Mes·

235 1060 339 1136 seuio;
366 1059 453 1126 Pers,
475 1062 539 1124 420
561 1060 753 1142 compedium
776 1061 884 1135 tritor;
906 1059 992 1124 Pers.
1016 1061 1077 1125 795
1099 1059 1177 1141 quid
1198 1060 1257 1139 uis,
1273 1080 1361 1136 eruu,

235 1163 433 1236 stimulorum
455 1163 555 1226 tritor.

445 2072 747 2174 Genetivus
792 2074 1161 2200 possessivus,

252 2401 254 2406 s
295 2311 296 2316 ἵ
337 2321 484 2388 Genetivi
506 2324 682 2404 possessivi
704 2342 782 2387 usus
805 2341 878 2387 eum
901 2322 1180 2406 frequentissimus
1200 2333 1270 2389 tum
1293 2345 1362 2389 ma·

235 2426 322 2491 xime
355 2427 463 2490 varius
497 2432 554 2490 est.
598 2426 683 2490 Num
716 2445 916 2507 quemquem
947 2445 1026 2492 vera
1056 2429 1241 2510 possessiva
1275 2429 1365 2492 notio

234 2547 299 2609 qua
321 2529 353 2591 id
377 2529 464 2610 quod
487 2529 559 2610 quis
581 2528 725 2610 possidet
747 2527 953 2609 significatur,
977 2529 1063 2592 haud
1085 2530 1130 2594 ita
1153 2531 1261 2593 multis
1282 2530 1363 2594 locis

234 2631 333 2694 stetui
362 2636 479 2712 potest,
508 2631 636 2712 plurimi
672 2631 735 2695 hue
768 2629 926 2696 referendi
956 2637 1030 2695 sunt
1052 2632 1202 2713 genetivi,
1226 2651 1364 2714 quorum

234 2731 288 2795 alii
310 2733 352 2796 ad
374 2733 541 2814 genetivus
566 2752 642 2798 vere
665 2733 867 2815 possessivos
882 2735 1014 2815 propius
1031 2735 1199 2814 accedunt,
1217 2734 1270 2799 alii
1286 2753 1359 2798 cum

233 2834 305 2898 aliis
327 2836 481 2917 genetivis
505 2836 744 2902 similitudinem
767 2837 931 2920 quandam
954 2836 1084 2902 habent.
1116 2836 1151 2900 In
1171 2837 1259 2900 omni
1274 2837 1359 2902 enim

234 2957 294 3002 usu
323 2939 462 3020 genetivi
490 2939 690 3003 adnominati
711 2957 868 3022 persaepe
891 2940 1018 3020 accidit,
1042 2946 1077 3004 ut
1098 2940 1170 3022 ipse
1190 2939 1280 3005 notio
1303 2941 1361 3004 ad-

234 3041 366 3104 modum
398 3059 480 3122 vaga
509 3048 540 3104 et
566 3041 722 3123 ambigua
748 3043 875 3122 evadat,
903 3049 938 3106 ut
959 3043 1039 3108 fines
1063 3049 1170 3108 certos
1192 3043 1261 3108 eius
1282 3061 1361 3106 usus

233 3143 430 3208 constituere
460 3141 642 3208 difficillime
671 3145 719 3207 sit.
763 3145 875 3227 Neque
904 3147 1010 3210 minus
1040 3144 1233 3211 difficultatis
1255 3147 1288 3209 in
1311 3146 1360 3210 his

233 3246 390 3327 genetiuis
417 3245 596 3310 dividendis
625 3253 723 3328 atque
753 3248 940 3312 ordinandis
967 3249 1109 3330 positum
1131 3254 1189 3328 est,
1214 3267 1360 3330 praeser-

233 3348 292 3411 tim
327 3367 401 3412 eum
430 3367 450 3412 a
480 3349 702 3430 grammaticis
726 3367 842 3429 parum
874 3350 1041 3431 diligenter
1067 3351 1199 3415 tracturi
1229 3351 1363 3417 soleant.

233 3450 361 3514 Initium
394 3457 504 3515 tumen
539 3457 573 3515 ut
610 3451 752 3516 solemus
783 3451 825 3516 eb
867 3454 914 3516 eis
949 3453 1104 3534 exemplis
1133 3451 1299 3534 iaciemus,
1330 3455 1362 3517 in

234 3553 350 3636 quihus
377 3555 545 3636 genetivus
572 3573 611 3620 ex
633 3554 740 3619 verbis
763 3573 848 3620 esse
871 3561 904 3620 et
926 3555 1015 3620 fieri
1036 3556 1180 3638 pendens
1203 3557 1361 3637 possessi·

234 3675 309 3720 vam
332 3663 482 3721 naturum
505 3656 731 3739 praesefert.

337 3775 416 3823 esse.
469 3758 540 3825 Cas
573 3761 637 3825 202
669 3760 725 3823 troo
758 3761 825 3822 uiri
857 3781 961 3823 censeo
996 3780 1060 3822 esso
1093 3780 1180 3822 omue
1211 3761 1362 3844 quioquid

237 3867 366 3937 tuomst;
398 3860 512 3945 Amph.
535 3863 599 3927 483
621 3863 863 3946 Amphitruortis
894 3865 975 3926 ulter
1012 3869 1057 3925 est
1083 3860 1257 3947 (sutilius)
1281 3864 1362 3926 ulter

236 3962 340 4040 Iouis·
365 3964 481 4029 Pseud.
511 3967 575 4030 690
601 3967 678 4049 quio
706 3967 824 4030 truouis
851 3987 897 4028 ure
920 3986 984 4029 esse
1005 3967 1076 4029 diui
1098 3964 1151 4051 (de
1173 3984 1287 4030 seruo
1310 3967 1360 4030 in-

334 4188 355 4252 1)
381 4185 507 4238 Schoellii
527 4187 698 4240 coniecturae
725 4186 839 4240 debetur
864 4185 963 4252 tritor;
981 4186 1103 4240 codicum
1121 4187 1227 4239 amator
1239 4187 1360 4253 plerique

235 4269 353 4324 editores
372 4269 529 4323 defendunt.
