3306 5060
510 1185 823 1287 Genetivus
867 1187 1055 1312 pretii.

328 1433 502 1502 Genetivus
524 1437 618 1519 pretii
640 1437 695 1520 qui
717 1437 833 1501 dicitur
855 1442 930 1519 apte
951 1437 985 1500 in
1008 1438 1089 1501 duas
1111 1443 1220 1520 partes
1242 1433 1370 1504 distri,

224 1536 332 1601 buitur
356 1539 484 1604 ratione
505 1539 617 1604 habita
639 1539 812 1604 verberum
834 1539 1022 1621 regentium.
1065 1539 1100 1603 ln
1122 1540 1174 1603 illa
1196 1539 1226 1605 ei
1248 1555 1347 1620 gene-

223 1641 279 1703 tivi
301 1649 521 1722 numerantur,
545 1642 599 1724 qui
622 1660 662 1706 ex
676 1642 783 1706 verbis
799 1643 1036 1707 aestimandi
1052 1648 1084 1708 et
1099 1642 1255 1706 similibus
1270 1659 1351 1723 pen-

224 1743 309 1823 dent,
340 1743 375 1807 in
402 1743 465 1808 hac
495 1745 534 1824 ei,
559 1744 614 1827 qui
636 1744 678 1809 ad
700 1743 800 1809 verba
822 1745 973 1810 emendi
996 1752 1028 1810 et
1049 1744 1243 1810 vendendi
1266 1742 1316 1808 ref
1334 1779 1349 1790 ·

222 1850 343 1910 cuntur.
376 1846 434 1910 His
457 1847 563 1911 verbis
586 1847 683 1911 etiam
699 1847 858 1912 ablativus
874 1848 967 1930 pretii
983 1848 1164 1930 apponitur,
1180 1849 1226 1912 ita
1240 1854 1353 1911 tamen

223 1956 258 2013 ut
291 1950 463 2015 discrimen
496 1950 661 2034 quoddam
690 1951 773 2016 inter
802 1951 863 2015 hos
901 1971 996 2016 casus
1029 1950 1350 2015 animadvertendum

223 2053 271 2120 sit.
309 2050 456 2118 Genetivi
479 2054 565 2119 enim
588 2053 777 2136 significatio
800 2055 958 2136 generalis
981 2061 1040 2135 est,
1065 2060 1154 2118 certa
1170 2058 1202 2118 et
1219 2052 1350 2118 definita

222 2155 314 2236 pretii
336 2155 527 2238 significatio
551 2156 692 2222 ablativo
715 2158 851 2239 exprimi
874 2157 965 2224 solet.

205 2341 209 2346 .
325 2257 406 2323 Cum
436 2261 585 2339 genetivo
615 2259 780 2342 qualitatis
808 2261 861 2324 hic
883 2261 1060 2342 genetivus,
1085 2265 1120 2323 ut
1142 2278 1240 2341 supra
1263 2258 1343 2322 vidi-

221 2380 303 2442 muS,
327 2367 402 2444 apte
425 2362 587 2442 cohaeret,
610 2369 678 2426 tum
701 2363 892 2444 praesertim
907 2383 981 2427 cum
998 2382 1037 2427 ex
1051 2361 1151 2427 verbe
1167 2379 1253 2427 esse
1268 2381 1347 2443 pen-

221 2464 283 2528 det.
327 2464 398 2545 Quo
420 2465 521 2530 verbe
545 2465 666 2529 omisso
689 2465 716 2528 si
737 2466 905 2546 genetivus
927 2465 1020 2547 pretii
1042 2463 1245 2529 substantivo
1269 2463 1347 2528 suh-

220 2566 369 2648 iungitur,
387 2573 423 2631 ut
443 2568 471 2631 si
493 2567 583 2632 dieas
607 2567 791 2648 „hominem
814 2568 900 2633 haud
923 2567 1031 2649 magni
1052 2567 1177 2650 pretii“,
1200 2573 1268 2630 tam
1300 2567 1342 2629 si-

220 2669 304 2734 milis
334 2675 382 2735 est
411 2671 561 2751 genetivo
588 2669 760 2752 qualitatis
787 2676 824 2734 ut
851 2670 995 2754 plerique
1015 2669 1111 2734 huius
1133 2668 1348 2733 similitudinis

221 2772 329 2853 specie
351 2772 482 2836 adducti
504 2772 626 2836 nullum
648 2773 822 2838 discrimen
844 2791 916 2838 esse
937 2772 1130 2854 putaverint.

323 2873 435 2959 quanti
458 2893 497 2939 ex
519 2875 569 2938 his
592 2874 699 2941 verbis
721 2875 853 2958 pendet:

323 2998 395 3042 esse.
438 2979 556 3043 Bacch.
587 2978 648 3042 821
678 2981 790 3041 tantist
816 2979 958 3062 quantist
978 2978 1108 3060 suppus
1131 2976 1280 3058 putidum
1301 2976 1346 3039 ih.

224 3080 305 3144 1135
343 3081 495 3161 exciuere,
528 3083 640 3164 qrtucti
666 3081 766 3163 fuere
776 3082 815 3165 1);
849 3081 939 3164 Capt.
973 3082 1051 3164 prol.
1083 3081 1121 3145 51
1158 3079 1340 3143 homunculi

220 3185 332 3265 quanti
364 3191 447 3262 suet,
481 3205 572 3266 quom
604 3187 757 3266 recepit0;
792 3185 833 3248 ib.
866 3187 926 3251 145
955 3191 1100 3267 expertus
1120 3184 1232 3268 quanti
1262 3183 1333 3260 fue-

221 3287 265 3347 rit
292 3307 376 3349 stunc
409 3287 566 3364 des-ider05
594 3287 688 3352 Merc.
718 3289 782 3353 270
810 3289 928 3350 uosmet
948 3289 1051 3351 uidete
1072 3294 1216 3364 ceterum,
1239 3287 1350 3369 quanti

220 3388 347 3472 stern2);
372 3390 452 3455 Rud.
482 3391 543 3455 155
569 3390 750 3453 homunculi
777 3392 889 3474 quanti
914 3391 996 3453 estis.
1040 3389 1267 3473 Impersonalis
1297 3395 1347 3454 est

220 3511 298 3556 usus
319 3492 405 3557 Pers
428 3494 491 3559 596
514 3494 654 3576 quantist
666 3491 691 3578 ³)
714 3493 868 3556 homiuem
890 3494 1025 3555 arctoum
1047 3492 1203 3558 adhibere.
1244 3509 1249 3520 ·

318 3597 440 3679 facere.
483 3597 598 3680 Amph.
621 3599 683 3664 508
707 3597 818 3680 quanti
834 3597 949 3679 facias
971 3615 1108 3660 uxoren.
1121 3596 1147 3682 4)

322 3785 342 3852 ¹)
360 3771 401 3837 De
423 3783 543 3837 euoluere
561 3784 619 3852 (vel
639 3783 783 3841 exsolueret
806 3787 835 3837 et
853 3784 886 3837 de
904 3783 1040 3837 sententia
1057 3781 1137 3834 huius
1155 3781 1207 3834 loci
1226 3778 1274 3832 cfr.
1293 3779 1344 3834 Us-

235 3885 261 3920 tn
283 3886 290 3920 l
377 3909 382 3922 .

220 3884 233 3922 ⁸
264 3887 302 3938 8¹
320 3869 410 4024 ῗξῖιιὶ
426 3955 493 4008 siem
510 3956 624 4022 praebet
642 3955 701 4010 cod.
719 3957 750 4009 B.

321 4040 342 4109 ³)
359 4041 491 4108 mustum
507 4043 547 4093 cst
564 4056 597 4094 ex
614 4041 750 4108 plerisque
767 4041 845 4095 libris
863 4041 969 4108 Ussing.

321 4127 342 4194 ⁴)
359 4125 455 4179 Pseud.
487 4125 557 4180 939c
583 4123 628 4178 scd
655 4139 700 4194 epo
727 4124 777 4178 tibi
802 4141 868 4194 quac
893 4125 961 4178 botta
986 4123 1053 4178 dubo
1078 4127 1105 4176 ct
1127 4121 1231 4190 facium
1258 4120 1343 4174 Gcetz

219 4211 335 4279 scripsit,
353 4211 491 4279 Kiessling
517 4225 581 4264 vero
603 4210 649 4264 sed
674 4210 812 4279 quantita
834 4209 964 4280 (facicm),
989 4210 1060 4279 quod
1082 4207 1208 4278 probavit
1225 4207 1339 4274 Lorenz,

219 4295 329 4364 Ussing:
348 4312 428 4364 quam
447 4295 497 4349 tibi
514 4295 585 4349 dena
605 4301 656 4350 cet.
674 4296 768 4350 edidit.
