3306 5060
255 1197 507 1301 Genetivus
543 1194 848 1298 attributivns
897 1190 1017 1322 (sive
1052 1186 1377 1322 appositivas).

358 1465 505 1534 Genetivi
528 1483 634 1544 casus
658 1463 903 1547 qualiscumque
926 1462 967 1526 ab
990 1461 1082 1527 initio
1097 1461 1166 1527 eius
1181 1459 1240 1524 fuit
1254 1467 1380 1536 natura,

253 1571 287 1634 in
316 1569 506 1652 quotidiano
536 1566 696 1632 sermonis
722 1585 783 1630 usu
805 1565 885 1631 lines
906 1584 984 1630 suos
1006 1571 1074 1630 tam
1096 1564 1160 1630 late
1182 1564 1323 1646 protulit,
1346 1569 1382 1626 ut

252 1673 285 1737 in
310 1672 428 1736 multas
450 1676 560 1754 partes
583 1669 699 1733 diffusa
720 1667 912 1750 significatio
935 1657 1011 1732 eius
1027 1667 1147 1732 sensim
1174 1671 1382 1732 evanesceret

253 1781 285 1840 et
314 1775 501 1840 solveretur.
544 1772 593 1837 Ac
620 1771 812 1855 praesertim
841 1770 1056 1836 adnominalis
1083 1770 1138 1852 qui
1163 1769 1279 1834 dicitur
1304 1787 1383 1832 usus

252 1878 322 1944 eius
345 1883 378 1942 et
399 1876 555 1940 latissime
577 1881 667 1958 patet
689 1880 730 1955 et,
755 1874 782 1938 si
804 1873 997 1956 principales
1020 1873 1090 1938 eius
1112 1873 1262 1938 notiones
1283 1888 1383 1953 quae-

251 1999 318 2050 ras,
345 1977 516 2060 ambiguus
539 1983 596 2042 est.
640 1977 733 2041 Hunc
756 1976 843 2041 haud
867 1976 937 2041 sine
960 1993 1061 2040 causa
1082 1975 1301 2058 genetivum
1324 1979 1383 2038 at-

252 2081 485 2146 tributivum
501 2081 536 2164 ¹),
573 2098 671 2162 quem
704 2080 967 2163 appositivum
1000 2084 1120 2144 vocant
1141 2078 1204 2159 alii,
1238 2081 1386 2149 statuunt

257 2183 472 2267 grammatici,
502 2183 558 2266 qui
587 2201 645 2266 per
671 2201 707 2247 se
729 2183 807 2246 nihil
829 2181 915 2246 aliud
936 2181 1003 2247 fere
1025 2179 1206 2263 significare
1227 2180 1383 2258 videatur,

257 2306 357 2370 quam
380 2286 467 2372 quod
493 2293 549 2350 aut
576 2285 736 2351 adiectivo
760 2292 818 2349 aut
839 2285 1041 2350 substantivo
1064 2283 1209 2349 attributi
1231 2284 1304 2348 loco
1327 2281 1385 2346 ad-

253 2388 355 2454 hibito
387 2387 522 2471 exprimi
549 2388 639 2452 solet.
683 2386 751 2450 lam
778 2387 862 2451 inter
889 2405 956 2466 eoS,
979 2406 1062 2468 quos
1084 2386 1288 2468 possessivus
1311 2402 1383 2450 esse

256 2491 426 2572 voluimus,
454 2490 572 2554 multos
594 2479 778 2571 huiusmodi
801 2489 969 2570 genetivos
992 2489 1153 2568 invenias;
1186 2506 1277 2571 quoS,
1308 2506 1383 2551 cum

256 2593 477 2677 possessivam
500 2591 664 2674 quandam
686 2597 837 2655 naturam
860 2591 1015 2674 praebere
1037 2590 1230 2669 viderentur,
1250 2589 1313 2653 huc
1328 2607 1383 2653 re-

255 2696 338 2762 ferre
361 2683 531 2760 noluimus

357 2798 468 2863 Primo
501 2799 575 2862 loco
609 2816 684 2864 eum
717 2797 901 2880 genetivum
935 2795 1093 2877 tractabo,
1127 2796 1219 2862 ouius
1251 2794 1384 2860 notione

255 2904 439 2968 continetur
461 2909 493 2966 et
516 2901 610 2983 quasi
639 2899 787 2966 delinitur
813 2899 1004 2982 significatio
1032 2900 1163 2964 alterius
1192 2897 1386 2962 substantivi

257 3003 441 3090 (genetivus
464 3002 649 3069 definitivus
672 3003 739 3067 sive
762 3003 1059 3088 epexegeticus),
1095 3003 1197 3068 Huius
1220 3002 1308 3068 modi
1329 3019 1386 3082 ge·

258 3107 359 3172 nativi
381 3124 487 3189 neque
510 3107 596 3188 apud
618 3105 768 3170 Plautum
788 3124 895 3188 neque
910 3107 1043 3172 omnino
1058 3107 1092 3170 in
1106 3107 1214 3189 prisca
1228 3104 1387 3170 latinitate

259 3211 465 3276 inveniuntur
492 3210 585 3273 multi
614 3207 722 3292 (Loch.
744 3228 773 3290 p,
795 3211 814 3272 3
837 3209 907 3293 sq.).
951 3209 1044 3292 Apud
1070 3208 1220 3274 Plautum
1247 3208 1308 3274 hos
1330 3225 1387 3288 ge-

259 3314 387 3379 netivos
410 3313 589 3378 definitivos
612 3328 684 3378 esse
707 3313 830 3376 censui:

361 3432 484 3480 nomen.
528 3414 642 3479 Pseud.
668 3414 749 3478 1108
773 3415 802 3474 ei
824 3434 937 3476 nomen
961 3412 1139 3477 Seruitutis
1160 3412 1282 3491 ferunt.
1327 3412 1388 3476 Du·

262 3519 455 3584 bitationem
477 3516 626 3582 adserunt
648 3515 762 3580 Pseud.
779 3515 841 3581 989
857 3515 944 3592 deur,
967 3515 1350 3597 Polymachaeroplagidi
1362 3513 1388 3596 ²)

260 3643 372 3684 viovueo
395 3629 462 3698 est3
484 3620 600 3684 Pseud.
622 3620 683 3684 991
703 3627 875 3700 postquam
902 3616 1311 3700 Polymachaeroplopidoa
1327 3617 1387 3676 elo-

261 3732 352 3785 cutos
386 3744 499 3786 promea
524 3743 564 3784 es.
609 3721 720 3785 Priore
742 3721 829 3785 enim
852 3721 925 3784 loco
947 3726 1054 3784 utrum
1078 3719 1204 3782 dativus
1227 3736 1269 3781 an
1292 3735 1390 3798 gene·

262 3827 346 3889 tivus
370 3824 601 3906 intellegendus
624 3825 673 3903 sit,
702 3823 818 3887 dubius
840 3824 970 3902 haereo,
998 3821 1177 3903 posteriore
1198 3821 1271 3885 loco
1294 3838 1389 3901 gene·

365 4029 386 4096 ¹)
403 4027 603 4082 Attributivnm
629 4028 714 4083 malui
742 4028 839 4097 dicere,
866 4041 901 4081 ne
926 4042 987 4080 cum
1010 4023 1182 4094 appositione
1200 4022 1391 4092 confundatur,

265 4128 334 4180 quae
351 4119 410 4166 tum
428 4114 594 4168 commodius
612 4114 730 4184 ponitur,
753 4129 813 4166 cum
831 4129 881 4180 pro
899 4112 1040 4166 enuntiato
1058 4108 1217 4163 secundario
1235 4108 1291 4160 sive
1304 4107 1392 4161 adiec-

265 4200 352 4252 tivum
371 4200 427 4252 sive
446 4200 644 4253 substantivum
663 4199 809 4268 apponitur
826 4199 1004 4252 substantivo.

368 4286 388 4352 ²)
410 4283 732 4354 Polymachaeroplagidei
750 4286 859 4352 scripsit
876 4283 1050 4337 Studemund.
