3312 5060
317 335 394 401 70

275 538 358 602 huuc
388 559 518 622 possum
550 539 605 602 illo
638 539 723 602 mille
751 559 914 602 nummum
941 523 1131 622 Philippum
1160 541 1409 616 circumclusum

276 641 363 706 unde
386 642 466 706 satis
489 647 624 726 apparet
651 641 737 704 mille
758 642 995 708 substantivum
1019 661 1092 708 esse
1114 644 1185 719 (illo
1208 643 1294 706 mille
1316 642 1406 727 abl.);

274 745 316 810 ib.
349 745 422 825 966,
453 746 527 825 970,
559 745 651 826 1003,
681 745 763 810 1139
800 745 885 808 mille
918 764 1080 808 nummum
1113 765 1145 807 se
1181 765 1314 808 aureum
1340 765 1406 808 meo

275 847 354 910 datu
377 846 434 909 tibi
451 848 562 930 ferre;
584 847 702 912 Bacch.
723 849 788 914 230
809 849 895 912 mille
916 854 944 910 et
958 848 1106 911 ducentos
1120 847 1309 930 Philippum
1323 854 1407 911 ottu-

276 951 370 1012 limus
403 970 531 1026 aureos·
559 949 601 1014 ib.
628 951 692 1015 272
720 950 859 1014 reddibit
878 951 965 1014 mille
986 958 1015 1014 et
1040 952 1189 1014 ducentos
1210 949 1406 1033 Philippum.

275 1053 365 1118 Haec
390 1053 455 1118 duo
477 1053 564 1136 apud
586 1053 736 1118 Plautum
758 1054 966 1120 inveniuntur
988 1055 1137 1136 exempla
1151 1054 1292 1136 genetivi
1306 1054 1407 1135 parti-

274 1155 332 1219 tivi
361 1173 401 1220 ex
429 1157 516 1219 urille
537 1175 611 1220 curn
634 1156 698 1222 alio
720 1157 879 1222 numerali
901 1157 1076 1222 coniuncto
1099 1156 1279 1238 pendentia
1301 1174 1407 1239 neque

275 1265 387 1324 tamen
422 1260 497 1324 hinc
524 1260 781 1325 concludendum
814 1266 873 1342 est,
905 1261 1004 1325 etiam
1030 1260 1179 1322 ducentos
1206 1279 1281 1324 cum
1308 1278 1408 1341 gene-

274 1365 342 1428 tivo
376 1365 521 1428 construi
548 1365 662 1444 solere,
691 1383 764 1429 curn
791 1365 983 1446 praesertim
1010 1365 1105 1429 lectio
1128 1382 1194 1429 non
1217 1364 1297 1428 satis
1319 1369 1409 1430 certa

275 1466 324 1530 sit.
367 1466 453 1531 Libri
477 1467 563 1532 enim
585 1468 693 1548 priore
715 1468 787 1532 leco
805 1467 969 1550 philippos
991 1466 1123 1548 habent,
1147 1465 1328 1548 posteriore
1349 1466 1407 1528 du-

275 1576 377 1632 centos
400 1576 428 1632 et
450 1571 536 1633 mille
552 1569 746 1652 philippum
770 1570 893 1635 Parcus
915 1587 993 1634 vero
1015 1570 1101 1632 mille
1123 1579 1151 1632 et
1166 1569 1313 1632 ducentos
1328 1567 1407 1631 Phi·

276 1673 407 1756 lippmm
432 1674 517 1739 unde
545 1672 681 1757 Seyffert
708 1691 782 1738 eam
805 1692 904 1756 quarn
927 1673 1045 1755 protuli
1066 1673 1238 1738 lectionem
1261 1671 1407 1737 restituit.

275 1775 360 1839 Trin.
397 1776 478 1840 1168
507 1776 641 1858 spondeo
671 1783 699 1838 et
720 1776 806 1838 mille
827 1777 903 1838 auri
924 1775 1114 1858 Philippum
1135 1774 1226 1854 dotis,
1249 1773 1306 1838 ubi
1327 1773 1408 1836 Phi·

275 1881 396 1962 lippum
419 1898 459 1945 cx
480 1881 575 1959 mille,
598 1881 674 1942 auri
696 1899 736 1945 ex
758 1879 946 1962 Philippum
968 1880 1095 1962 pendet.
1133 1877 1215 1943 Men.
1240 1880 1299 1943 177
1323 1877 1409 1940 mille

269 2002 404 2065 passum
431 1983 648 2046 commoratu’s
675 1982 879 2059 cautharum;
905 1984 993 2066 quod
1022 1982 1159 2048 conusa
1184 1982 1248 2049 loci
1270 1989 1303 2048 et
1324 1988 1407 2046 tem-

275 2085 365 2167 poris
393 2085 590 2167 longitudine
619 2085 697 2149 dixit
723 2091 821 2168 poeta
847 2085 916 2169 (cir.
947 2085 1063 2167 Ussing
1093 2085 1188 2149 adh.
1212 2082 1246 2168 l.)
1288 2082 1407 2148 Simili·

275 2192 325 2251 ter
358 2186 480 2252 dictum
515 2194 563 2252 est
585 2188 677 2253 Truc.
710 2189 774 2252 334
803 2187 860 2251 tihi
887 2189 973 2250 mille
998 2207 1130 2270 passum
1147 2187 1303 2269 peperisti
1324 2205 1407 2248 mure

274 2309 403 2354 moram.
446 2290 567 2356 Verum
601 2292 628 2355 si
659 2292 745 2355 hanc
773 2290 925 2356 Schoeliii
952 2296 985 2356 et
1011 2290 1186 2355 Boxhornii
1214 2290 1407 2371 scripturam

276 2393 461 2475 retinemus,
495 2393 604 2460 facere
632 2395 685 2458 vix
715 2414 898 2477 possumus,
927 2395 1005 2476 quin
1033 2413 1092 2480 pro
1121 2393 1281 2457 adiectivo
1313 2410 1408 2455 usur·

275 2501 389 2577 patum
416 2515 487 2562 esse
507 2499 592 2561 mille
613 2497 802 2577 iudicemus,
826 2497 912 2580 quod
936 2515 956 2560 a
978 2495 1128 2560 Plautino
1152 2494 1304 2578 loquendi
1328 2513 1408 2559 con-

277 2600 449 2664 suetudine
472 2600 634 2666 abhorret.
671 2600 780 2680 Quare
801 2601 879 2663 mihi
904 2600 1008 2681 magis
1031 2599 1150 2663 arridet
1172 2597 1313 2679 Ussingii
1327 2597 1408 2662 alio·

276 2721 414 2785 rumque
442 2705 611 2784 sententia,
643 2705 698 2787 qui
724 2723 783 2786 pro
814 2702 971 2768 librorum
998 2703 1158 2784 scriptura
1180 2721 1260 2783 qum
1280 2699 1332 2765 vel
1354 2699 1410 2782 qui

276 2803 334 2868 tihi
355 2807 441 2869 tuille
458 2827 592 2889 possum
615 2809 740 2889 peperit
761 2827 845 2869 miore
872 2811 997 2888 ponunt
1026 2824 1139 2868 morae.
1182 2803 1300 2884 Ussing
1321 2801 1409 2867 enim

276 2908 340 2990 ipsi
369 2909 426 2971 tibi
452 2911 538 2972 mille
561 2929 694 2992 passum
716 2910 870 2992 peperisti
895 2929 1002 2970 ruorae
1035 2907 1145 2987 edidit;
1172 2906 1282 2988 itaque
1304 2925 1410 2967 meroe

277 3012 445 3094 genetivus
469 3013 659 3095 quantitatis
682 3018 732 3078 est
753 3031 793 3078 ex
807 3033 941 3095 passum
963 3011 1119 3094 pendens,
1143 3011 1196 3074 hic
1216 3028 1294 3074 vero
1310 3026 1409 3090 gene-

278 3115 363 3179 tivus
397 3117 549 3198 partitive
579 3135 677 3180 sensu
707 3116 749 3180 ad
775 3117 861 3178 mille
888 3115 1075 3181 referendus
1097 3120 1155 3179 est.
1167 3113 1195 3196 1)
1240 3112 1301 3176 Mil.
1326 3113 1409 3178 1079

276 3219 355 3299 quiu
380 3219 466 3280 mille
496 3238 652 3281 uuuorum
669 3226 820 3302 perpetuo
846 3219 974 3294 uiueret·
997 3217 1037 3281 ib.
1063 3216 1145 3282 1064
1161 3217 1239 3298 plus
1264 3215 1309 3276 mi
1335 3214 1411 3277 ouri

277 3319 393 3382 millest
428 3321 604 3384 modiorum
637 3321 799 3404 Philippi·
831 3320 914 3386 Trin.
947 3321 1012 3386 426
1045 3319 1132 3382 mille
1163 3316 1411 3380 drachumurum

280 3425 454 3506 torperitoe
478 3423 638 3508 Olympico
655 3475 661 3488 .
678 3476 684 3488 .
700 3470 707 3484 .
721 3424 870 3488 redditae.

383 3525 482 3592 milia.
526 3527 626 3592 Pcen.
649 3528 713 3592 472
740 3547 831 3610 quom
858 3527 1025 3607 serapium
1053 3525 1145 3586 milio
1167 3521 1327 3586 homiuum
1349 3539 1411 3583 uuo

279 3629 330 3692 die
354 3631 560 3696 uoleticorum
582 3630 727 3693 mamilus
744 3629 850 3693 ‘occidi
872 3629 956 3694 meis.
973 3663 1013 3674 -
1029 3624 1117 3711 (474)
1133 3626 1342 3688 uoluticorum
1356 3622 1409 3686 ho·

277 3733 421 3796 mimum?
454 3734 538 3800 Trin.
567 3734 628 3800 152
652 3752 812 3796 uumruum
823 3729 849 3816 ²)
879 3731 1085 3812 Philippeum
1097 3729 1121 3813 ³)
1152 3728 1196 3790 ud
1222 3729 1287 3790 trio
1308 3726 1409 3802 milio,

380 3925 399 3992 ¹)
423 3922 477 3975 Otr.
506 3925 648 3989 praeterea
675 3919 773 3974 Holtze
800 3919 813 3971 I
840 3935 865 3985 p.
889 3919 921 3970 33
945 3933 993 3984 sq„
1017 3917 1063 3984 qui
1088 3916 1162 3970 hunc
1187 3915 1343 3984 genetivum
1361 3927 1411 3980 pro

279 4009 406 4080 genetivo
430 4023 572 4064 mensurae
589 4007 681 4062 habet.

380 4097 405 4165 ²)
423 4095 465 4147 De
483 4095 617 4147 lituorum
631 4093 767 4158 scriptura
778 4105 951 4144 nummorum
963 4089 1011 4142 cfr.
1024 4103 1107 4155 supra
1119 4085 1179 4140 suff.
1193 4101 1251 4139 -um
1264 4100 1312 4153 pro
1325 4098 1411 4137 orum.

382 4182 405 4250 ³)
423 4180 551 4233 Formam
570 4178 740 4247 Philippeum
758 4191 841 4244 prave
859 4192 909 4244 pro
928 4173 1088 4244 Philippum
1106 4179 1266 4239 usurpatam
1278 4183 1337 4223 esse
1349 4183 1411 4236 pro-

280 4269 346 4321 bare
363 4265 423 4321 vult
441 4267 562 4336 Langen,
580 4267 708 4333 Beitrege
726 4279 752 4331 p.
770 4263 812 4315 87.
