<?xml version="1.0" encoding="UTF-8"?>
<!DOCTYPE html PUBLIC "-//W3C//DTD XHTML 1.0 Transitional//EN"
    "http://www.w3.org/TR/xhtml1/DTD/xhtml1-transitional.dtd">
<html xmlns="http://www.w3.org/1999/xhtml" xml:lang="en" lang="en">
 <head>
  <title>
</title>
<meta http-equiv="Content-Type" content="text/html;charset=utf-8" />
  <meta name='ocr-system' content='tesseract 3.04.00' />
  <meta name='ocr-capabilities' content='ocr_page ocr_carea ocr_par ocr_line ocrx_word'/>
</head>
<body>
  <div class='ocr_page' id='page_1' title='image "./degenetiviapudp01blomgoog_0128.png"; bbox 0 0 3306 5060; ppageno 0'>
   <div class='ocr_carea' id='block_1_1' title="bbox 1268 300 1365 401">
    <p class='ocr_par' dir='ltr' id='par_1_1' title="bbox 1268 300 1365 401">
     <span class='ocr_line' id='line_1_1' title="bbox 1268 300 1365 401; baseline 0.021 -39"><span class='ocrx_word' id='word_1_1' title='bbox 1268 300 1331 364; x_wconf 85' lang='lat'><strong><em>113</em></strong></span> <span class='ocrx_word' id='word_1_2' title='bbox 1362 395 1365 401; x_wconf 86' lang='lat'>.</span> 
     </span>
    </p>
   </div>
   <div class='ocr_carea' id='block_1_2' title="bbox 247 501 1382 1820">
    <p class='ocr_par' dir='ltr' id='par_1_2' title="bbox 247 501 1382 1820">
     <span class='ocr_line' id='line_1_2' title="bbox 248 501 1374 588; baseline 0 -20"><span class='ocrx_word' id='word_1_3' title='bbox 248 505 311 568; x_wconf 81' lang='lat'><strong><em>842</em></strong></span> <span class='ocrx_word' id='word_1_4' title='bbox 339 502 435 567; x_wconf 79' lang='lat' dir='ltr'><strong><em>iuius</em></strong></span> <span class='ocrx_word' id='word_1_5' title='bbox 462 523 551 587; x_wconf 85' lang='lat' dir='ltr'><strong><em>quom</em></strong></span> <span class='ocrx_word' id='word_1_6' title='bbox 574 505 694 586; x_wconf 83' lang='lat' dir='ltr'><strong><em>copiam</em></strong></span> <span class='ocrx_word' id='word_1_7' title='bbox 718 503 795 566; x_wconf 81' lang='lat' dir='ltr'><strong><em>mitti</em></strong></span> <span class='ocrx_word' id='word_1_8' title='bbox 816 503 946 578; x_wconf 76' lang='lat' dir='ltr'><strong><em>dedisti3</em></strong></span> <span class='ocrx_word' id='word_1_9' title='bbox 967 501 1008 569; x_wconf 89' lang='lat' dir='ltr'><strong><em>ib.</em></strong></span> <span class='ocrx_word' id='word_1_10' title='bbox 1030 503 1096 570; x_wconf 82' lang='lat'><strong><em>450</em></strong></span> <span class='ocrx_word' id='word_1_11' title='bbox 1116 504 1199 588; x_wconf 82' lang='lat' dir='ltr'><strong><em>quod</em></strong></span> <span class='ocrx_word' id='word_1_12' title='bbox 1219 504 1374 587; x_wconf 73' lang='lat' dir='ltr'><strong><em>cupiebas,</em></strong></span> 
     </span>
     <span class='ocr_line' id='line_1_3' title="bbox 248 604 1375 689; baseline 0.002 -21"><span class='ocrx_word' id='word_1_13' title='bbox 248 606 316 668; x_wconf 85' lang='lat' dir='ltr'><strong><em>eius</em></strong></span> <span class='ocrx_word' id='word_1_14' title='bbox 339 607 458 689; x_wconf 82' lang='lat' dir='ltr'><strong><em>sopiam</em></strong></span> <span class='ocrx_word' id='word_1_15' title='bbox 477 608 549 688; x_wconf 86' lang='lat' dir='ltr'><strong><em>feei</em></strong></span> <span class='ocrx_word' id='word_1_16' title='bbox 570 605 645 682; x_wconf 64' lang='lat' dir='ltr'><strong><em>tibi·</em></strong></span> <span class='ocrx_word' id='word_1_17' title='bbox 667 604 743 671; x_wconf 82' lang='lat' dir='ltr'><strong><em>cist.</em></strong></span> <span class='ocrx_word' id='word_1_18' title='bbox 768 607 829 670; x_wconf 84' lang='lat'><strong><em>136</em></strong></span> <span class='ocrx_word' id='word_1_19' title='bbox 846 606 918 688; x_wconf 79' lang='lat' dir='ltr'><strong><em>sesi</em></strong></span> <span class='ocrx_word' id='word_1_20' title='bbox 939 606 1007 668; x_wconf 85' lang='lat' dir='ltr'><strong><em>eires</em></strong></span> <span class='ocrx_word' id='word_1_21' title='bbox 1029 608 1067 684; x_wconf 89' lang='lat' dir='ltr'><strong><em>ei,</em></strong></span> <span class='ocrx_word' id='word_1_22' title='bbox 1090 607 1375 688; x_wconf 62' lang='lat' dir='ltr'><strong><em>quadratorum,</em></strong></span> 
     </span>
     <span class='ocr_line' id='line_1_4' title="bbox 247 707 1373 792; baseline 0.001 -20"><span class='ocrx_word' id='word_1_23' title='bbox 247 710 388 792; x_wconf 85' lang='lat' dir='ltr'><strong><em>aopiam;</em></strong></span> <span class='ocrx_word' id='word_1_24' title='bbox 402 709 489 791; x_wconf 82' lang='lat' dir='ltr'><strong><em>Epid.</em></strong></span> <span class='ocrx_word' id='word_1_25' title='bbox 501 710 563 775; x_wconf 85' lang='grc'><strong><em>356</em></strong></span> <span class='ocrx_word' id='word_1_26' title='bbox 578 729 617 771; x_wconf 86' lang='lat' dir='ltr'><strong><em>ue</em></strong></span> <span class='ocrx_word' id='word_1_27' title='bbox 631 707 688 772; x_wconf 82' lang='lat' dir='ltr'><strong><em>tibi</em></strong></span> <span class='ocrx_word' id='word_1_28' title='bbox 701 709 770 771; x_wconf 85' lang='lat' dir='ltr'><strong><em>eius</em></strong></span> <span class='ocrx_word' id='word_1_29' title='bbox 784 709 874 790; x_wconf 84' lang='lat' dir='ltr'><strong><em>eopia</em></strong></span> <span class='ocrx_word' id='word_1_30' title='bbox 889 715 981 787; x_wconf 66' lang='lat' dir='ltr'><strong><em>esset·</em></strong></span> <span class='ocrx_word' id='word_1_31' title='bbox 995 707 1090 774; x_wconf 83' lang='lat' dir='ltr'><strong><em>Mero.</em></strong></span> <span class='ocrx_word' id='word_1_32' title='bbox 1106 709 1169 774; x_wconf 84' lang='lat'><strong><em>906</em></strong></span> <span class='ocrx_word' id='word_1_33' title='bbox 1184 709 1256 772; x_wconf 77' lang='lat' dir='ltr'><strong><em>aleos</em></strong></span> <span class='ocrx_word' id='word_1_34' title='bbox 1271 709 1373 786; x_wconf 83' lang='lat' dir='ltr'><strong><em>orabo,</em></strong></span> 
     </span>
     <span class='ocr_line' id='line_1_5' title="bbox 249 809 1377 897; baseline 0.001 -23"><span class='ocrx_word' id='word_1_35' title='bbox 249 818 286 874; x_wconf 91' lang='lat' dir='ltr'><strong><em>ut</em></strong></span> <span class='ocrx_word' id='word_1_36' title='bbox 311 812 379 874; x_wconf 85' lang='lat' dir='ltr'><strong><em>eius</em></strong></span> <span class='ocrx_word' id='word_1_37' title='bbox 402 811 535 892; x_wconf 82' lang='lat' dir='ltr'><strong><em>faciant</em></strong></span> <span class='ocrx_word' id='word_1_38' title='bbox 557 812 694 894; x_wconf 86' lang='lat' dir='ltr'><strong><em>oopiaur;</em></strong></span> <span class='ocrx_word' id='word_1_39' title='bbox 714 810 776 875; x_wconf 92' lang='lat' dir='ltr'>Mil.</span> <span class='ocrx_word' id='word_1_40' title='bbox 794 812 876 876; x_wconf 77' lang='lat'>1229</span> <span class='ocrx_word' id='word_1_41' title='bbox 891 817 926 873; x_wconf 88' lang='lat' dir='ltr'><strong><em>ut</em></strong></span> <span class='ocrx_word' id='word_1_42' title='bbox 941 811 1008 873; x_wconf 86' lang='lat' dir='ltr'><strong><em>eius</em></strong></span> <span class='ocrx_word' id='word_1_43' title='bbox 1024 809 1101 873; x_wconf 76' lang='lat' dir='ltr'><strong><em>mitti</em></strong></span> <span class='ocrx_word' id='word_1_44' title='bbox 1115 812 1159 874; x_wconf 90' lang='lat' dir='ltr'><strong><em>sit</em></strong></span> <span class='ocrx_word' id='word_1_45' title='bbox 1172 812 1271 894; x_wconf 86' lang='lat' dir='ltr'><strong><em>eopia,</em></strong></span> <span class='ocrx_word' id='word_1_46' title='bbox 1287 832 1377 897; x_wconf 83' lang='lat' dir='ltr'><strong><em>quem</em></strong></span> 
     </span>
     <span class='ocr_line' id='line_1_6' title="bbox 253 912 1376 998; baseline 0.002 -22"><span class='ocrx_word' id='word_1_47' title='bbox 253 934 324 977; x_wconf 84' lang='lat' dir='ltr'><strong><em>arno</em></strong></span> <span class='ocrx_word' id='word_1_48' title='bbox 351 933 498 996; x_wconf 81' lang='lat' dir='ltr'><em>quemque</em></span> <span class='ocrx_word' id='word_1_49' title='bbox 525 921 679 998; x_wconf 80' lang='lat' dir='ltr'><strong><em>expetesso</em></strong></span> <span class='ocrx_word' id='word_1_50' title='bbox 686 936 696 990; x_wconf 89' lang='lat'><em>;</em></span> <span class='ocrx_word' id='word_1_51' title='bbox 716 912 800 979; x_wconf 87' lang='lat' dir='ltr'><strong><em>Trin.</em></strong></span> <span class='ocrx_word' id='word_1_52' title='bbox 828 915 889 978; x_wconf 91' lang='grc'><strong><em>671</em></strong></span> <span class='ocrx_word' id='word_1_53' title='bbox 920 913 1046 996; x_wconf 82' lang='lat' dir='ltr'><strong><em>quaudo</em></strong></span> <span class='ocrx_word' id='word_1_54' title='bbox 1070 915 1137 976; x_wconf 88' lang='lat' dir='ltr'><strong><em>eius</em></strong></span> <span class='ocrx_word' id='word_1_55' title='bbox 1158 916 1293 996; x_wconf 87' lang='lat' dir='ltr'><strong><em>eopiast;</em></strong></span> <span class='ocrx_word' id='word_1_56' title='bbox 1313 915 1376 979; x_wconf 87' lang='lat' dir='ltr'>Mil.</span> 
     </span>
     <span class='ocr_line' id='line_1_7' title="bbox 250 1016 1378 1101; baseline 0 -19"><span class='ocrx_word' id='word_1_57' title='bbox 250 1018 312 1082; x_wconf 85' lang='grc'><strong><em>971</em></strong></span> <span class='ocrx_word' id='word_1_58' title='bbox 343 1023 378 1078; x_wconf 90' lang='lat' dir='ltr'><strong><em>ut</em></strong></span> <span class='ocrx_word' id='word_1_59' title='bbox 405 1017 453 1078; x_wconf 85' lang='lat' dir='ltr'><strong><em>tui</em></strong></span> <span class='ocrx_word' id='word_1_60' title='bbox 479 1018 600 1100; x_wconf 81' lang='lat' dir='ltr'><strong><em>sopiam</em></strong></span> <span class='ocrx_word' id='word_1_61' title='bbox 626 1016 687 1080; x_wconf 78' lang='lat' dir='ltr'><strong><em>sibi</em></strong></span> <span class='ocrx_word' id='word_1_62' title='bbox 709 1024 953 1100; x_wconf 74' lang='lat' dir='ltr'><strong><em>potestatemque</em></strong></span> <span class='ocrx_word' id='word_1_63' title='bbox 969 1016 1084 1099; x_wconf 81' lang='lat' dir='ltr'><strong><em>facias</em></strong></span> <span class='ocrx_word' id='word_1_64' title='bbox 1105 1017 1234 1101; x_wconf 81' lang='lat' dir='ltr'><strong><em>scripsit</em></strong></span> <span class='ocrx_word' id='word_1_65' title='bbox 1255 1019 1378 1084; x_wconf 84' lang='lat' dir='ltr'><strong><em>Ritschl</em></strong></span> 
     </span>
     <span class='ocr_line' id='line_1_8' title="bbox 251 1118 1378 1204; baseline 0.001 -20"><span class='ocrx_word' id='word_1_66' title='bbox 251 1139 292 1184; x_wconf 84' lang='lat' dir='ltr'><strong><em>ex</em></strong></span> <span class='ocrx_word' id='word_1_67' title='bbox 317 1118 406 1184; x_wconf 87' lang='lat' dir='ltr'><strong><em>libris</em></strong></span> <span class='ocrx_word' id='word_1_68' title='bbox 432 1120 645 1186; x_wconf 82' lang='lat' dir='ltr'><strong><em>deterioribus</em></strong></span> <span class='ocrx_word' id='word_1_69' title='bbox 674 1140 733 1203; x_wconf 87' lang='lat' dir='ltr'><strong><em>pro</em></strong></span> <span class='ocrx_word' id='word_1_70' title='bbox 757 1141 825 1184; x_wconf 85' lang='lat' dir='ltr'><strong><em>eam</em></strong></span> <span class='ocrx_word' id='word_1_71' title='bbox 847 1121 969 1202; x_wconf 82' lang='lat' dir='ltr'><strong><em>sopiam</em></strong></span> <span class='ocrx_word' id='word_1_72' title='bbox 992 1127 1061 1201; x_wconf 84' lang='lat' dir='ltr'><strong><em>oet,</em></strong></span> <span class='ocrx_word' id='word_1_73' title='bbox 1085 1121 1173 1204; x_wconf 87' lang='lat' dir='ltr'><strong><em>quod</em></strong></span> <span class='ocrx_word' id='word_1_74' title='bbox 1194 1127 1228 1187; x_wconf 87' lang='lat' dir='ltr'><strong><em>et</em></strong></span> <span class='ocrx_word' id='word_1_75' title='bbox 1248 1121 1324 1186; x_wconf 77' lang='lat' dir='ltr'>Biix</span> <span class='ocrx_word' id='word_1_76' title='bbox 1346 1128 1378 1187; x_wconf 89' lang='lat' dir='ltr'><strong><em>et</em></strong></span> 
     </span>
     <span class='ocr_line' id='line_1_9' title="bbox 252 1222 1377 1309; baseline -0.006 -20"><span class='ocrx_word' id='word_1_77' title='bbox 252 1223 355 1289; x_wconf 85' lang='lat' dir='ltr'><strong><em>Goetz</em></strong></span> <span class='ocrx_word' id='word_1_78' title='bbox 388 1223 587 1289; x_wconf 86' lang='lat' dir='ltr'><strong><em>retinuerant</em></strong></span> <span class='ocrx_word' id='word_1_79' title='bbox 624 1222 693 1309; x_wconf 83' lang='lat' dir='ltr'><strong><em>(cfr.</em></strong></span> <span class='ocrx_word' id='word_1_80' title='bbox 727 1223 802 1288; x_wconf 85' lang='lat' dir='ltr'><strong><em>Brix</em></strong></span> <span class='ocrx_word' id='word_1_81' title='bbox 833 1223 875 1288; x_wconf 85' lang='lat' dir='ltr'><strong><em>sd</em></strong></span> <span class='ocrx_word' id='word_1_82' title='bbox 908 1222 970 1287; x_wconf 88' lang='lat' dir='ltr'>Mil.</span> <span class='ocrx_word' id='word_1_83' title='bbox 1000 1224 1063 1288; x_wconf 87' lang='grc'><strong><em>769</em></strong></span> <span class='ocrx_word' id='word_1_84' title='bbox 1091 1223 1172 1287; x_wconf 78' lang='lat' dir='ltr'><strong><em>haue</em></strong></span> <span class='ocrx_word' id='word_1_85' title='bbox 1194 1224 1315 1307; x_wconf 82' lang='lat' dir='ltr'><strong><em>sopiam</em></strong></span> <span class='ocrx_word' id='word_1_86' title='bbox 1336 1249 1377 1281; x_wconf 88' lang='lat'><strong><em>=</em></strong></span> 
     </span>
     <span class='ocr_line' id='line_1_10' title="bbox 253 1325 1379 1412; baseline -0.001 -19"><span class='ocrx_word' id='word_1_87' title='bbox 253 1327 348 1393; x_wconf 89' lang='lat' dir='ltr'><strong><em>huius</em></strong></span> <span class='ocrx_word' id='word_1_88' title='bbox 377 1328 424 1391; x_wconf 85' lang='lat' dir='ltr'><strong><em>rei</em></strong></span> <span class='ocrx_word' id='word_1_89' title='bbox 452 1345 532 1408; x_wconf 71' lang='lat' dir='ltr'><strong><em>cop.²</em></strong></span> <span class='ocrx_word' id='word_1_90' title='bbox 560 1327 647 1392; x_wconf 88' lang='lat' dir='ltr'><strong><em>Looh</em></strong></span> <span class='ocrx_word' id='word_1_91' title='bbox 670 1347 699 1409; x_wconf 90' lang='lat' dir='ltr'><strong><em>p.</em></strong></span> <span class='ocrx_word' id='word_1_92' title='bbox 720 1325 763 1412; x_wconf 89' lang='lat'><strong><em>6).</em></strong></span> <span class='ocrx_word' id='word_1_93' title='bbox 808 1326 959 1392; x_wconf 85' lang='lat' dir='ltr'><strong><em>Ceterum</em></strong></span> <span class='ocrx_word' id='word_1_94' title='bbox 981 1326 1076 1390; x_wconf 88' lang='lat' dir='ltr'><strong><em>huius</em></strong></span> <span class='ocrx_word' id='word_1_95' title='bbox 1098 1327 1238 1408; x_wconf 83' lang='lat' dir='ltr'><strong><em>genetivi</em></strong></span> <span class='ocrx_word' id='word_1_96' title='bbox 1259 1345 1379 1409; x_wconf 81' lang='lat' dir='ltr'><strong><em>magne</em></strong></span> 
     </span>
     <span class='ocr_line' id='line_1_11' title="bbox 252 1427 1380 1516; baseline 0.003 -24"><span class='ocrx_word' id='word_1_97' title='bbox 252 1434 303 1492; x_wconf 76' lang='lat' dir='ltr'><strong><em>est</em></strong></span> <span class='ocrx_word' id='word_1_98' title='bbox 332 1428 504 1494; x_wconf 87' lang='lat' dir='ltr'>similitudo</span> <span class='ocrx_word' id='word_1_99' title='bbox 532 1449 606 1494; x_wconf 82' lang='lat' dir='ltr'><strong><em>eum</em></strong></span> <span class='ocrx_word' id='word_1_100' title='bbox 628 1430 778 1512; x_wconf 80' lang='lat' dir='ltr'><strong><em>genetivo</em></strong></span> <span class='ocrx_word' id='word_1_101' title='bbox 800 1427 1002 1516; x_wconf 59' lang='lat' dir='ltr'><strong><em>quantitatis</em></strong></span> <span class='ocrx_word' id='word_1_102' title='bbox 1025 1447 1100 1493; x_wconf 89' lang='lat' dir='ltr'><strong><em>oum</em></strong></span> <span class='ocrx_word' id='word_1_103' title='bbox 1123 1429 1163 1494; x_wconf 87' lang='lat' dir='ltr'><strong><em>de</em></strong></span> <span class='ocrx_word' id='word_1_104' title='bbox 1184 1430 1291 1511; x_wconf 85' lang='lat' dir='ltr'><strong><em>rebus,</em></strong></span> <span class='ocrx_word' id='word_1_105' title='bbox 1314 1449 1380 1495; x_wconf 93' lang='lat' dir='ltr'><strong><em>non</em></strong></span> 
     </span>
     <span class='ocr_line' id='line_1_12' title="bbox 254 1529 1381 1616; baseline 0.004 -22"><span class='ocrx_word' id='word_1_106' title='bbox 254 1532 295 1596; x_wconf 87' lang='lat' dir='ltr'><strong><em>de</em></strong></span> <span class='ocrx_word' id='word_1_107' title='bbox 326 1534 473 1614; x_wconf 86' lang='lat' dir='ltr'><strong><em>personis</em></strong></span> <span class='ocrx_word' id='word_1_108' title='bbox 499 1534 639 1615; x_wconf 88' lang='lat' dir='ltr'><strong><em>ponitur:</em></strong></span> <span class='ocrx_word' id='word_1_109' title='bbox 667 1533 757 1616; x_wconf 84' lang='lat' dir='ltr'><strong><em>eopia</em></strong></span> <span class='ocrx_word' id='word_1_110' title='bbox 783 1533 918 1613; x_wconf 78' lang='lat' dir='ltr'><strong><em>arpenti,</em></strong></span> <span class='ocrx_word' id='word_1_111' title='bbox 947 1538 1006 1596; x_wconf 87' lang='lat' dir='ltr'><strong><em>oet.</em></strong></span> <span class='ocrx_word' id='word_1_112' title='bbox 1029 1529 1097 1616; x_wconf 82' lang='lat' dir='ltr'><strong><em>(cfr.</em></strong></span> <span class='ocrx_word' id='word_1_113' title='bbox 1119 1538 1223 1614; x_wconf 85' lang='lat' dir='ltr'><strong><em>genet.</em></strong></span> <span class='ocrx_word' id='word_1_114' title='bbox 1246 1535 1381 1616; x_wconf 77' lang='lat' dir='ltr'><strong><em>quantit.</em></strong></span> 
     </span>
     <span class='ocr_line' id='line_1_13' title="bbox 253 1633 1382 1718; baseline 0.004 -22"><span class='ocrx_word' id='word_1_115' title='bbox 253 1635 370 1717; x_wconf 83' lang='lat' dir='ltr'><strong><em>capio),</em></strong></span> <span class='ocrx_word' id='word_1_116' title='bbox 394 1641 427 1699; x_wconf 89' lang='lat' dir='ltr'><strong><em>et</em></strong></span> <span class='ocrx_word' id='word_1_117' title='bbox 449 1655 523 1700; x_wconf 86' lang='lat' dir='ltr'><strong><em>eum</em></strong></span> <span class='ocrx_word' id='word_1_118' title='bbox 545 1636 695 1718; x_wconf 86' lang='lat' dir='ltr'><strong><em>genetivo</em></strong></span> <span class='ocrx_word' id='word_1_119' title='bbox 711 1635 826 1716; x_wconf 83' lang='lat' dir='ltr'><strong><em>copiae</em></strong></span> <span class='ocrx_word' id='word_1_120' title='bbox 841 1633 1081 1699; x_wconf 86' lang='lat' dir='ltr'><strong><em>similitudinem</em></strong></span> <span class='ocrx_word' id='word_1_121' title='bbox 1097 1635 1261 1716; x_wconf 79' lang='lat' dir='ltr'><strong><em>quandem</em></strong></span> <span class='ocrx_word' id='word_1_122' title='bbox 1275 1636 1382 1702; x_wconf 81' lang='lat' dir='ltr'><strong><em>habet.</em></strong></span> 
     </span>
     <span class='ocr_line' id='line_1_14' title="bbox 255 1737 847 1820; baseline -0.002 -19"><span class='ocrx_word' id='word_1_123' title='bbox 255 1737 327 1801; x_wconf 83' lang='lat' dir='ltr'><strong><em>Alie</em></strong></span> <span class='ocrx_word' id='word_1_124' title='bbox 348 1739 496 1819; x_wconf 85' lang='lat' dir='ltr'><strong><em>exempla</em></strong></span> <span class='ocrx_word' id='word_1_125' title='bbox 517 1758 545 1802; x_wconf 85' lang='lat' dir='ltr'><strong><em>v.</em></strong></span> <span class='ocrx_word' id='word_1_126' title='bbox 568 1744 672 1820; x_wconf 87' lang='lat' dir='ltr'><strong><em>genet.</em></strong></span> <span class='ocrx_word' id='word_1_127' title='bbox 694 1737 847 1820; x_wconf 82' lang='lat' dir='ltr'><strong><em>gerundii</em></strong></span> 
     </span>
    </p>
   </div>
   <div class='ocr_carea' id='block_1_3' title="bbox 257 1841 1383 2090">
    <p class='ocr_par' dir='ltr' id='par_1_3' title="bbox 257 1841 1383 2090">
     <span class='ocr_line' id='line_1_15' title="bbox 359 1841 1381 1920; baseline 0.002 -19"><span class='ocrx_word' id='word_1_128' title='bbox 359 1841 496 1902; x_wconf 84' lang='lat' dir='ltr'><strong><em>Omissns</em></strong></span> <span class='ocrx_word' id='word_1_129' title='bbox 520 1852 563 1901; x_wconf 84' lang='lat' dir='ltr'><strong><em>est</em></strong></span> <span class='ocrx_word' id='word_1_130' title='bbox 584 1845 740 1920; x_wconf 81' lang='lat' dir='ltr'><strong><em>genetivus</em></strong></span> <span class='ocrx_word' id='word_1_131' title='bbox 763 1851 830 1901; x_wconf 82' lang='lat' dir='ltr'><strong><em>ante</em></strong></span> <span class='ocrx_word' id='word_1_132' title='bbox 853 1861 1017 1918; x_wconf 79' lang='lat' dir='ltr'><strong><em>pronomen</em></strong></span> <span class='ocrx_word' id='word_1_133' title='bbox 1039 1843 1193 1900; x_wconf 79' lang='lat' dir='ltr'><strong><em>relativum</em></strong></span> <span class='ocrx_word' id='word_1_134' title='bbox 1217 1842 1302 1920; x_wconf 81' lang='lat' dir='ltr'><strong><em>Oapt.</em></strong></span> <span class='ocrx_word' id='word_1_135' title='bbox 1319 1845 1381 1903; x_wconf 80' lang='lat'><strong><em>216</em></strong></span> 
     </span>
     <span class='ocr_line' id='line_1_16' title="bbox 257 1929 1383 2004; baseline 0.001 -17"><span class='ocrx_word' id='word_1_136' title='bbox 257 1947 301 2004; x_wconf 84' lang='lat' dir='ltr'><strong><em>sq.</em></strong></span> <span class='ocrx_word' id='word_1_137' title='bbox 332 1947 416 2004; x_wconf 73' lang='lat' dir='ltr'><strong><em>quoru</em></strong></span> <span class='ocrx_word' id='word_1_138' title='bbox 444 1947 517 2003; x_wconf 78' lang='lat' dir='ltr'><strong><em>quae</em></strong></span> <span class='ocrx_word' id='word_1_139' title='bbox 544 1931 676 1989; x_wconf 86' lang='lat' dir='ltr'><strong><em>uolumus</em></strong></span> <span class='ocrx_word' id='word_1_140' title='bbox 698 1947 750 1988; x_wconf 84' lang='lat' dir='ltr'><strong><em>eos</em></strong></span> <span class='ocrx_word' id='word_1_141' title='bbox 772 1929 892 2003; x_wconf 76' lang='lat' dir='ltr'><strong><em>copiast,</em></strong></span> <span class='ocrx_word' id='word_1_142' title='bbox 915 1938 949 1986; x_wconf 89' lang='lat' dir='ltr'><strong><em>ut</em></strong></span> <span class='ocrx_word' id='word_1_143' title='bbox 971 1947 1058 2004; x_wconf 76' lang='lat' dir='ltr'><strong><em>saepe</em></strong></span> <span class='ocrx_word' id='word_1_144' title='bbox 1080 1930 1155 1986; x_wconf 84' lang='lat' dir='ltr'><strong><em>solet</em></strong></span> <span class='ocrx_word' id='word_1_145' title='bbox 1177 1929 1304 1990; x_wconf 73' lang='lat' dir='ltr'><strong><em>Plautus</em></strong></span> <span class='ocrx_word' id='word_1_146' title='bbox 1327 1933 1383 1988; x_wconf 86' lang='lat' dir='ltr'><strong><em>hoo</em></strong></span> 
     </span>
     <span class='ocr_line' id='line_1_17' title="bbox 257 2015 865 2090; baseline 0 -18"><span class='ocrx_word' id='word_1_147' title='bbox 257 2033 423 2090; x_wconf 81' lang='lat' dir='ltr'><strong><em>pronomen</em></strong></span> <span class='ocrx_word' id='word_1_148' title='bbox 445 2017 535 2090; x_wconf 83' lang='lat' dir='ltr'><strong><em>paulo</em></strong></span> <span class='ocrx_word' id='word_1_149' title='bbox 557 2015 679 2074; x_wconf 81' lang='lat' dir='ltr'><strong><em>liberius</em></strong></span> <span class='ocrx_word' id='word_1_150' title='bbox 702 2017 865 2074; x_wconf 78' lang='lat' dir='ltr'><strong><em>adnectere.</em></strong></span> 
     </span>
    </p>
   </div>
   <div class='ocr_carea' id='block_1_4' title="bbox 255 2130 1382 2316">
    <p class='ocr_par' dir='ltr' id='par_1_4' title="bbox 255 2130 1382 2316">
     <span class='ocr_line' id='line_1_18' title="bbox 358 2130 1382 2218; baseline 0.001 -22"><span class='ocrx_word' id='word_1_151' title='bbox 358 2130 571 2217; x_wconf 74' lang='lat' dir='ltr'><strong><em>corruptelae.</em></strong></span> <span class='ocrx_word' id='word_1_152' title='bbox 606 2131 705 2197; x_wconf 87' lang='lat' dir='ltr'><strong><em>Poen.</em></strong></span> <span class='ocrx_word' id='word_1_153' title='bbox 727 2133 791 2198; x_wconf 81' lang='lat'><strong><em>830</em></strong></span> <span class='ocrx_word' id='word_1_154' title='bbox 813 2153 893 2215; x_wconf 84' lang='lat' dir='ltr'><strong><em>quae</em></strong></span> <span class='ocrx_word' id='word_1_155' title='bbox 914 2132 982 2195; x_wconf 83' lang='lat' dir='ltr'><strong><em>illio</em></strong></span> <span class='ocrx_word' id='word_1_156' title='bbox 1003 2132 1203 2218; x_wconf 19' lang='lat' dir='ltr'><strong><em>lrsomirrum1)</em></strong></span> <span class='ocrx_word' id='word_1_157' title='bbox 1225 2141 1382 2218; x_wconf 81' lang='lat' dir='ltr'><strong><em>corrupte-</em></strong></span> 
     </span>
     <span class='ocr_line' id='line_1_19' title="bbox 255 2233 416 2316; baseline 0.006 -18"><span class='ocrx_word' id='word_1_158' title='bbox 255 2236 305 2298; x_wconf 85' lang='lat' dir='ltr'><strong><em>tae</em></strong></span> <span class='ocrx_word' id='word_1_159' title='bbox 319 2233 416 2316; x_wconf 85' lang='lat' dir='ltr'><strong><em>fiunt.</em></strong></span> 
     </span>
    </p>
   </div>
   <div class='ocr_carea' id='block_1_5' title="bbox 257 2335 1392 3975">
    <p class='ocr_par' dir='ltr' id='par_1_5' title="bbox 257 2335 1385 2526">
     <span class='ocr_line' id='line_1_20' title="bbox 359 2335 1385 2423; baseline -0.001 -20"><span class='ocrx_word' id='word_1_160' title='bbox 359 2336 539 2422; x_wconf 68' lang='lat' dir='ltr'><strong><em>corruptor.</em></strong></span> <span class='ocrx_word' id='word_1_161' title='bbox 572 2337 656 2400; x_wconf 77' lang='lat' dir='ltr'><strong><em>Trio.</em></strong></span> <span class='ocrx_word' id='word_1_162' title='bbox 679 2337 742 2400; x_wconf 81' lang='lat'><strong><em>240</em></strong></span> <span class='ocrx_word' id='word_1_163' title='bbox 764 2335 1017 2400; x_wconf 81' lang='lat' dir='ltr'><strong><em>latebrioolarum</em></strong></span> <span class='ocrx_word' id='word_1_164' title='bbox 1039 2336 1199 2400; x_wconf 77' lang='lat' dir='ltr'><strong><em>hominum</em></strong></span> <span class='ocrx_word' id='word_1_165' title='bbox 1225 2359 1385 2423; x_wconf 83' lang='lat' dir='ltr'><strong><em>eorrtemp-</em></strong></span> 
     </span>
     <span class='ocr_line' id='line_1_21' title="bbox 257 2438 1383 2526; baseline 0.004 -24"><span class='ocrx_word' id='word_1_166' title='bbox 257 2446 305 2502; x_wconf 92' lang='lat' dir='ltr'><strong><em>tor</em></strong></span> <span class='ocrx_word' id='word_1_167' title='bbox 332 2438 389 2522; x_wconf 83' lang='lat' dir='ltr'><strong><em>(sa.</em></strong></span> <span class='ocrx_word' id='word_1_168' title='bbox 418 2439 494 2526; x_wconf 87' lang='lat' dir='ltr'><strong><em>est);</em></strong></span> <span class='ocrx_word' id='word_1_169' title='bbox 517 2440 617 2506; x_wconf 90' lang='lat' dir='ltr'><strong><em>Poen.</em></strong></span> <span class='ocrx_word' id='word_1_170' title='bbox 640 2441 701 2505; x_wconf 83' lang='grc'><strong><em>816</em></strong></span> <span class='ocrx_word' id='word_1_171' title='bbox 731 2446 766 2503; x_wconf 92' lang='lat' dir='ltr'><strong><em>ut</em></strong></span> <span class='ocrx_word' id='word_1_172' title='bbox 788 2441 992 2522; x_wconf 79' lang='lat' dir='ltr'><strong><em>perderemus</em></strong></span> <span class='ocrx_word' id='word_1_173' title='bbox 1020 2447 1235 2522; x_wconf 85' lang='lat' dir='ltr'><strong><em>corruptorem</em></strong></span> <span class='ocrx_word' id='word_1_174' title='bbox 1256 2442 1383 2507; x_wconf 82' lang='lat' dir='ltr'><strong><em>ciuium.</em></strong></span> 
     </span>
    </p>

    <p class='ocr_par' dir='ltr' id='par_1_6' title="bbox 258 2556 1387 2745">
     <span class='ocr_line' id='line_1_22' title="bbox 359 2556 1387 2645; baseline 0.003 -23"><span class='ocrx_word' id='word_1_175' title='bbox 359 2556 483 2645; x_wconf 76' lang='lat' dir='ltr'><strong><em>sapida.</em></strong></span> <span class='ocrx_word' id='word_1_176' title='bbox 527 2559 612 2623; x_wconf 87' lang='lat' dir='ltr'><strong><em>Trin.</em></strong></span> <span class='ocrx_word' id='word_1_177' title='bbox 645 2560 708 2625; x_wconf 93' lang='grc'><strong><em>676</em></strong></span> <span class='ocrx_word' id='word_1_178' title='bbox 736 2565 802 2622; x_wconf 84' lang='lat' dir='ltr'><strong><em>turn</em></strong></span> <span class='ocrx_word' id='word_1_179' title='bbox 828 2559 930 2642; x_wconf 85' lang='lat' dir='ltr'><strong><em>ipitur</em></strong></span> <span class='ocrx_word' id='word_1_180' title='bbox 959 2579 1060 2642; x_wconf 83' lang='lat' dir='ltr'><strong><em>aquae</em></strong></span> <span class='ocrx_word' id='word_1_181' title='bbox 1089 2561 1150 2621; x_wconf 87' lang='lat' dir='ltr'><strong><em>erit</em></strong></span> <span class='ocrx_word' id='word_1_182' title='bbox 1178 2559 1235 2622; x_wconf 85' lang='lat' dir='ltr'><strong><em>tibi</em></strong></span> <span class='ocrx_word' id='word_1_183' title='bbox 1256 2563 1387 2644; x_wconf 80' lang='lat' dir='ltr'><strong><em>eupida;</em></strong></span> 
     </span>
     <span class='ocr_line' id='line_1_23' title="bbox 258 2658 866 2745; baseline 0 -22"><span class='ocrx_word' id='word_1_184' title='bbox 258 2658 356 2726; x_wconf 90' lang='lat' dir='ltr'><strong><em>Poen.</em></strong></span> <span class='ocrx_word' id='word_1_185' title='bbox 382 2662 441 2727; x_wconf 87' lang='grc'><strong><em>157</em></strong></span> <span class='ocrx_word' id='word_1_186' title='bbox 463 2661 600 2744; x_wconf 83' lang='lat' dir='ltr'><strong><em>differor</em></strong></span> <span class='ocrx_word' id='word_1_187' title='bbox 621 2661 769 2745; x_wconf 82' lang='lat' dir='ltr'><strong><em>cupidine</em></strong></span> <span class='ocrx_word' id='word_1_188' title='bbox 790 2663 866 2724; x_wconf 87' lang='lat' dir='ltr'><strong><em>eius.</em></strong></span> 
     </span>
    </p>

    <p class='ocr_par' dir='ltr' id='par_1_7' title="bbox 259 2762 1387 2949">
     <span class='ocr_line' id='line_1_24' title="bbox 360 2762 1387 2850; baseline -0.001 -21"><span class='ocrx_word' id='word_1_189' title='bbox 360 2762 529 2850; x_wconf 75' lang='lat' dir='ltr'><strong><em>cupiditas.</em></strong></span> <span class='ocrx_word' id='word_1_190' title='bbox 562 2764 657 2830; x_wconf 80' lang='lat' dir='ltr'><strong><em>Mero.</em></strong></span> <span class='ocrx_word' id='word_1_191' title='bbox 680 2766 742 2830; x_wconf 87' lang='grc'><strong><em>657</em></strong></span> <span class='ocrx_word' id='word_1_192' title='bbox 766 2765 841 2828; x_wconf 82' lang='lat' dir='ltr'><strong><em>duru</em></strong></span> <span class='ocrx_word' id='word_1_193' title='bbox 864 2765 955 2827; x_wconf 85' lang='lat' dir='ltr'><strong><em>iltius</em></strong></span> <span class='ocrx_word' id='word_1_194' title='bbox 975 2770 1004 2827; x_wconf 90' lang='lat' dir='ltr'><strong><em>te</em></strong></span> <span class='ocrx_word' id='word_1_195' title='bbox 1019 2763 1179 2846; x_wconf 79' lang='lat' dir='ltr'><strong><em>cupiditas</em></strong></span> <span class='ocrx_word' id='word_1_196' title='bbox 1192 2770 1285 2846; x_wconf 85' lang='lat' dir='ltr'><strong><em>atque</em></strong></span> <span class='ocrx_word' id='word_1_197' title='bbox 1298 2785 1387 2828; x_wconf 89' lang='lat' dir='ltr'><strong><em>amor</em></strong></span> 
     </span>
     <span class='ocr_line' id='line_1_25' title="bbox 259 2867 504 2949; baseline 0.016 -22"><span class='ocrx_word' id='word_1_198' title='bbox 259 2867 390 2929; x_wconf 82' lang='lat' dir='ltr'><strong><em>arissam</em></strong></span> <span class='ocrx_word' id='word_1_199' title='bbox 406 2869 504 2949; x_wconf 82' lang='lat' dir='ltr'><strong><em>facit.</em></strong></span> 
     </span>
    </p>

    <p class='ocr_par' dir='ltr' id='par_1_8' title="bbox 259 2969 1388 3133">
     <span class='ocr_line' id='line_1_26' title="bbox 363 2969 1388 3054; baseline -0.002 -20"><span class='ocrx_word' id='word_1_200' title='bbox 363 2969 504 3036; x_wconf 72' lang='lat' dir='ltr'><strong><em>tutator.</em></strong></span> <span class='ocrx_word' id='word_1_201' title='bbox 544 2971 642 3036; x_wconf 90' lang='lat' dir='ltr'><strong><em>Poen.</em></strong></span> <span class='ocrx_word' id='word_1_202' title='bbox 665 2970 744 3053; x_wconf 85' lang='lat' dir='ltr'><strong><em>prol.</em></strong></span> <span class='ocrx_word' id='word_1_203' title='bbox 767 2972 809 3037; x_wconf 91' lang='lat'><strong><em>36</em></strong></span> <span class='ocrx_word' id='word_1_204' title='bbox 831 2970 973 3054; x_wconf 81' lang='lat' dir='ltr'><strong><em>quodque</em></strong></span> <span class='ocrx_word' id='word_1_205' title='bbox 994 2969 1038 3032; x_wconf 88' lang='lat' dir='ltr'><strong><em>ad</em></strong></span> <span class='ocrx_word' id='word_1_206' title='bbox 1060 2969 1206 3032; x_wconf 82' lang='lat' dir='ltr'><strong><em>ludorum</em></strong></span> <span class='ocrx_word' id='word_1_207' title='bbox 1228 2977 1388 3033; x_wconf 82' lang='lat' dir='ltr'><strong><em>curatores</em></strong></span> 
     </span>
     <span class='ocr_line' id='line_1_27' title="bbox 259 3072 378 3133; baseline 0 -2"><span class='ocrx_word' id='word_1_208' title='bbox 259 3072 378 3133; x_wconf 80' lang='lat' dir='ltr'><strong><em>attinet.</em></strong></span> 
     </span>
    </p>

    <p class='ocr_par' dir='ltr' id='par_1_9' title="bbox 264 3173 1388 3342">
     <span class='ocr_line' id='line_1_28' title="bbox 362 3173 1388 3257; baseline 0.001 -19"><span class='ocrx_word' id='word_1_209' title='bbox 362 3173 477 3240; x_wconf 68' lang='lat' dir='ltr'><strong><em>eustos¹</em></strong></span> <span class='ocrx_word' id='word_1_210' title='bbox 521 3175 607 3239; x_wconf 88' lang='lat' dir='ltr'><strong><em>Trin.</em></strong></span> <span class='ocrx_word' id='word_1_211' title='bbox 641 3176 704 3241; x_wconf 82' lang='grc'><strong><em>252</em></strong></span> <span class='ocrx_word' id='word_1_212' title='bbox 737 3177 866 3240; x_wconf 82' lang='lat' dir='ltr'><strong><em>ducitur</em></strong></span> <span class='ocrx_word' id='word_1_213' title='bbox 892 3175 1031 3257; x_wconf 51' lang='lat' dir='ltr'><strong><em>‚familia</em></strong></span> <span class='ocrx_word' id='word_1_214' title='bbox 1061 3181 1143 3238; x_wconf 90' lang='lat' dir='ltr'><strong><em>tota:</em></strong></span> <span class='ocrx_word' id='word_1_215' title='bbox 1171 3176 1247 3238; x_wconf 86' lang='lat' dir='ltr'><strong><em>auri</em></strong></span> <span class='ocrx_word' id='word_1_216' title='bbox 1272 3182 1388 3252; x_wconf 86' lang='lat' dir='ltr'><strong><em>austos;</em></strong></span> 
     </span>
     <span class='ocr_line' id='line_1_29' title="bbox 264 3275 1130 3342; baseline 0.001 -3"><span class='ocrx_word' id='word_1_217' title='bbox 264 3275 325 3340; x_wconf 87' lang='lat' dir='ltr'>Mil.</span> <span class='ocrx_word' id='word_1_218' title='bbox 350 3278 411 3342; x_wconf 82' lang='lat'><strong><em>153</em></strong></span> <span class='ocrx_word' id='word_1_219' title='bbox 434 3279 480 3340; x_wconf 88' lang='lat' dir='ltr'><strong><em>ita</em></strong></span> <span class='ocrx_word' id='word_1_220' title='bbox 501 3277 678 3340; x_wconf 81' lang='lat' dir='ltr'><strong><em>sublinetur</em></strong></span> <span class='ocrx_word' id='word_1_221' title='bbox 699 3298 733 3340; x_wconf 95' lang='lat' dir='ltr'><strong><em>os</em></strong></span> <span class='ocrx_word' id='word_1_222' title='bbox 755 3277 876 3342; x_wconf 80' lang='lat' dir='ltr'><strong><em>custodi</em></strong></span> <span class='ocrx_word' id='word_1_223' title='bbox 898 3277 1050 3342; x_wconf 84' lang='lat' dir='ltr'><strong><em>mulieris.</em></strong></span> <span class='ocrx_word' id='word_1_224' title='bbox 1122 3303 1130 3318; x_wconf 92' lang='lat'><strong>·</strong></span> 
     </span>
    </p>

    <p class='ocr_par' dir='ltr' id='par_1_10' title="bbox 264 3376 1391 3565">
     <span class='ocr_line' id='line_1_30' title="bbox 365 3376 1391 3463; baseline -0.001 -20"><span class='ocrx_word' id='word_1_225' title='bbox 365 3376 554 3463; x_wconf 57' lang='lat' dir='ltr'><strong><em>deliquiae.</em></strong></span> <span class='ocrx_word' id='word_1_226' title='bbox 598 3378 689 3463; x_wconf 77' lang='lat' dir='ltr'><strong><em>Capi.</em></strong></span> <span class='ocrx_word' id='word_1_227' title='bbox 717 3381 780 3446; x_wconf 80' lang='lat'><strong><em>626</em></strong></span> <span class='ocrx_word' id='word_1_228' title='bbox 811 3380 889 3462; x_wconf 82' lang='lat' dir='ltr'><strong><em>quire</em></strong></span> <span class='ocrx_word' id='word_1_229' title='bbox 912 3378 990 3441; x_wconf 81' lang='lat' dir='ltr'><strong><em>mihi</em></strong></span> <span class='ocrx_word' id='word_1_230' title='bbox 1012 3386 1040 3441; x_wconf 92' lang='lat' dir='ltr'><strong><em>et</em></strong></span> <span class='ocrx_word' id='word_1_231' title='bbox 1056 3385 1227 3462; x_wconf 85' lang='lat' dir='ltr'><strong><em>pareutum</em></strong></span> <span class='ocrx_word' id='word_1_232' title='bbox 1250 3386 1278 3442; x_wconf 89' lang='lat' dir='ltr'><strong><em>et</em></strong></span> <span class='ocrx_word' id='word_1_233' title='bbox 1299 3379 1391 3443; x_wconf 83' lang='lat' dir='ltr'><strong><em>tiber-</em></strong></span> 
     </span>
     <span class='ocr_line' id='line_1_31' title="bbox 264 3481 745 3565; baseline 0.006 -22"><span class='ocrx_word' id='word_1_234' title='bbox 264 3481 341 3545; x_wconf 82' lang='lat' dir='ltr'><strong><em>tatis</em></strong></span> <span class='ocrx_word' id='word_1_235' title='bbox 363 3482 450 3564; x_wconf 86' lang='lat' dir='ltr'><strong><em>apud</em></strong></span> <span class='ocrx_word' id='word_1_236' title='bbox 471 3489 499 3545; x_wconf 88' lang='lat' dir='ltr'><strong><em>te</em></strong></span> <span class='ocrx_word' id='word_1_237' title='bbox 520 3482 656 3565; x_wconf 78' lang='lat' dir='ltr'><strong><em>deliquio</em></strong></span> <span class='ocrx_word' id='word_1_238' title='bbox 679 3484 745 3548; x_wconf 85' lang='lat' dir='ltr'><strong><em>siet.</em></strong></span> 
     </span>
    </p>

    <p class='ocr_par' dir='ltr' id='par_1_11' title="bbox 261 3581 1392 3975">
     <span class='ocr_line' id='line_1_32' title="bbox 365 3581 1391 3650; baseline -0.001 -3"><span class='ocrx_word' id='word_1_239' title='bbox 365 3581 511 3649; x_wconf 75' lang='lat' dir='ltr'><strong><em>dilectus.</em></strong></span> <span class='ocrx_word' id='word_1_240' title='bbox 555 3585 653 3650; x_wconf 85' lang='lat' dir='ltr'><strong><em>Poen.</em></strong></span> <span class='ocrx_word' id='word_1_241' title='bbox 685 3584 747 3650; x_wconf 83' lang='grc'><strong><em>638</em></strong></span> <span class='ocrx_word' id='word_1_242' title='bbox 779 3584 826 3646; x_wconf 89' lang='lat' dir='ltr'><strong><em>ita</em></strong></span> <span class='ocrx_word' id='word_1_243' title='bbox 852 3583 1055 3646; x_wconf 85' lang='lat' dir='ltr'><strong><em>uiuarioruru</em></strong></span> <span class='ocrx_word' id='word_1_244' title='bbox 1086 3582 1234 3646; x_wconf 78' lang='lat' dir='ltr'><strong><em>habemus</em></strong></span> <span class='ocrx_word' id='word_1_245' title='bbox 1266 3590 1391 3646; x_wconf 83' lang='lat' dir='ltr'><strong><em>uestrae</em></strong></span> 
     </span>
     <span class='ocr_line' id='line_1_33' title="bbox 261 3685 1390 3770; baseline 0.005 -23"><span class='ocrx_word' id='word_1_246' title='bbox 261 3685 407 3748; x_wconf 78' lang='lat' dir='ltr'><strong><em>dilectum</em></strong></span> <span class='ocrx_word' id='word_1_247' title='bbox 428 3688 512 3750; x_wconf 80' lang='lat' dir='ltr'><strong><em>ctomi</em></strong></span> <span class='ocrx_word' id='word_1_248' title='bbox 533 3688 659 3754; x_wconf 84' lang='lat' dir='ltr'><strong><em>videtur</em></strong></span> <span class='ocrx_word' id='word_1_249' title='bbox 680 3708 739 3770; x_wconf 88' lang='lat' dir='ltr'><strong><em>pro</em></strong></span> <span class='ocrx_word' id='word_1_250' title='bbox 762 3687 911 3770; x_wconf 78' lang='lat' dir='ltr'><strong><em>genetivo</em></strong></span> <span class='ocrx_word' id='word_1_251' title='bbox 927 3685 1088 3751; x_wconf 86' lang='lat' dir='ltr'><strong><em>ohieotivo</em></strong></span> <span class='ocrx_word' id='word_1_252' title='bbox 1104 3685 1288 3751; x_wconf 87' lang='lat' dir='ltr'><strong><em>habendum</em></strong></span> <span class='ocrx_word' id='word_1_253' title='bbox 1308 3706 1390 3765; x_wconf 88' lang='lat' dir='ltr'><strong><em>esse,</em></strong></span> 
     </span>
     <span class='ocr_line' id='line_1_34' title="bbox 264 3789 1392 3875; baseline 0.002 -22"><span class='ocrx_word' id='word_1_254' title='bbox 264 3789 331 3855; x_wconf 87' lang='lat' dir='ltr'><strong><em>sive</em></strong></span> <span class='ocrx_word' id='word_1_255' title='bbox 364 3809 403 3855; x_wconf 87' lang='lat' dir='ltr'><strong><em>ex</em></strong></span> <span class='ocrx_word' id='word_1_256' title='bbox 436 3808 472 3855; x_wconf 88' lang='lat' dir='ltr'><strong><em>re</em></strong></span> <span class='ocrx_word' id='word_1_257' title='bbox 505 3792 633 3856; x_wconf 82' lang='lat' dir='ltr'><strong><em>militari</em></strong></span> <span class='ocrx_word' id='word_1_258' title='bbox 660 3797 790 3875; x_wconf 85' lang='lat' dir='ltr'><strong><em>sumpta</em></strong></span> <span class='ocrx_word' id='word_1_259' title='bbox 820 3795 870 3855; x_wconf 86' lang='lat' dir='ltr'><strong><em>est</em></strong></span> <span class='ocrx_word' id='word_1_260' title='bbox 894 3790 1014 3871; x_wconf 83' lang='lat' dir='ltr'><strong><em>imago,</em></strong></span> <span class='ocrx_word' id='word_1_261' title='bbox 1041 3789 1111 3853; x_wconf 89' lang='lat' dir='ltr'><strong><em>sive</em></strong></span> <span class='ocrx_word' id='word_1_262' title='bbox 1132 3789 1264 3871; x_wconf 83' lang='lat' dir='ltr'><strong><em>proprio</em></strong></span> <span class='ocrx_word' id='word_1_263' title='bbox 1293 3809 1392 3856; x_wconf 88' lang='lat' dir='ltr'><strong><em>sensu</em></strong></span> 
     </span>
     <span class='ocr_line' id='line_1_35' title="bbox 266 3893 466 3975; baseline 0.005 -19"><span class='ocrx_word' id='word_1_264' title='bbox 266 3893 466 3975; x_wconf 84' lang='lat' dir='ltr'><strong><em>intellegitur.</em></strong></span> 
     </span>
    </p>
   </div>
   <div class='ocr_carea' id='block_1_6' title="bbox 369 4113 1060 4268">
    <p class='ocr_par' dir='ltr' id='par_1_12' title="bbox 369 4113 1060 4268">
     <span class='ocr_line' id='line_1_36' title="bbox 369 4113 717 4182; baseline 0.011 -16"><span class='ocrx_word' id='word_1_265' title='bbox 369 4115 390 4182; x_wconf 85' lang='lat'><strong><em>¹)</em></strong></span> <span class='ocrx_word' id='word_1_266' title='bbox 408 4113 542 4168; x_wconf 81' lang='lat' dir='ltr'><strong><em>homiuem</em></strong></span> <span class='ocrx_word' id='word_1_267' title='bbox 559 4115 581 4168; x_wconf 93' lang='lat' dir='ltr'>B</span> <span class='ocrx_word' id='word_1_268' title='bbox 600 4115 717 4170; x_wconf 83' lang='lat' dir='ltr'><strong><em>exhibet.</em></strong></span> 
     </span>
     <span class='ocr_line' id='line_1_37' title="bbox 370 4197 1060 4268; baseline -0.003 -16"><span class='ocrx_word' id='word_1_269' title='bbox 370 4198 390 4268; x_wconf 84' lang='lat'><strong><em>²)</em></strong></span> <span class='ocrx_word' id='word_1_270' title='bbox 409 4199 519 4253; x_wconf 78' lang='lat' dir='ltr'><strong><em>Dehas</em></strong></span> <span class='ocrx_word' id='word_1_271' title='bbox 539 4200 671 4254; x_wconf 85' lang='lat' dir='ltr'><strong><em>vocabulo</em></strong></span> <span class='ocrx_word' id='word_1_272' title='bbox 690 4200 739 4253; x_wconf 83' lang='lat' dir='ltr'><strong><em>cfr.</em></strong></span> <span class='ocrx_word' id='word_1_273' title='bbox 757 4200 844 4260; x_wconf 77' lang='lat' dir='ltr'><strong><em>Brixii</em></strong></span> <span class='ocrx_word' id='word_1_274' title='bbox 863 4198 925 4253; x_wconf 80' lang='lat' dir='ltr'><strong><em>adn.</em></strong></span> <span class='ocrx_word' id='word_1_275' title='bbox 944 4197 1024 4252; x_wconf 86' lang='lat' dir='ltr'><strong><em>adh.</em></strong></span> <span class='ocrx_word' id='word_1_276' title='bbox 1043 4198 1060 4251; x_wconf 92' lang='lat' dir='ltr'><strong><em>l.</em></strong></span> 
     </span>
    </p>
   </div>
   <div class='ocr_carea' id='block_1_7' title="bbox 0 0 1682 5060">
    <p class='ocr_par' dir='ltr' id='par_1_13' title="bbox 0 0 1682 5060">
     <span class='ocr_line' id='line_1_38' title="bbox 0 0 1682 5060; baseline 0 0"><span class='ocrx_word' id='word_1_277' title='bbox 0 0 1682 5060; x_wconf 95' lang='lat' dir='ltr'><strong><em> </em></strong></span> 
     </span>
    </p>
   </div>
  </div>
 </body>
</html>
