3312 5060
1293 335 1314 400 5

229 543 292 607 872
314 542 503 604 Alcumenas
525 539 728 603 innocentiae.
744 576 784 584 —-
800 538 944 620 Denique
965 539 1051 602 hanc
1067 537 1193 603 forman
1210 539 1355 604 Bueche-

228 644 275 709 ler
297 644 410 708 maluit
432 641 548 707 inlerre
571 642 688 706 Bacch.
710 642 773 706 307
797 646 829 704 et
851 640 937 706 Pers.
960 643 1023 705 409
1047 639 1087 723 (v.
1110 661 1209 723 supra
1232 640 1304 725 ai).

331 745 555 810 *-esnu1nin
579 744 728 826 genetivo
755 744 909 825 singulari
933 763 992 824 pro
1018 744 1064 805 -ei
1089 745 1232 825 posuerit
1259 744 1354 808 Plau-

228 855 289 930 tus,
323 848 416 913 valde
449 846 581 911 dubium
615 853 672 912 est.
716 845 850 910 Duobus
882 846 969 910 enim
1002 846 1091 926 locis,
1127 846 1242 929 quibus
1269 848 1354 911 hanc

227 950 366 1016 formam
399 957 581 1014 statuerunt
614 949 768 1028 nonnulli,
803 949 899 1012 lectio
932 948 1082 1012 codicum
1116 949 1208 1014 aliter
1229 949 1355 1014 videtur

227 1056 379 1137 explicari
412 1073 517 1136 posse.
560 1052 674 1119 Pseud.
707 1055 769 1118 477
799 1059 938 1134 partinet
965 1052 993 1114 ei
1012 1050 1098 1132 fides
1121 1052 1216 1116 edidit
1242 1051 1353 1133 Gaetu,

226 1157 436 1222 Ritschelium
460 1164 492 1223 et
517 1156 704 1222 Muellerum
732 1155 824 1240 (Add.
847 1156 888 1219 ad
911 1175 996 1237 pros
1020 1177 1048 1237 p.
1073 1153 1106 1238 8)
1134 1161 1264 1220 secutus
1287 1155 1356 1238 (cfr.

226 1259 341 1326 Pseud.
356 1260 443 1344 467),
459 1259 645 1326 Fleckeisen
660 1259 793 1341 propius
809 1259 851 1322 ad
866 1257 1017 1322 codicum
1033 1258 1225 1339 scripturam
1236 1278 1355 1340 partem

225 1369 270 1424 ste
284 1361 371 1444 fides
393 1363 554 1427 accedens
572 1369 720 1443 paratust
742 1361 770 1422 ei
785 1359 871 1440 fides
899 1359 996 1424 scribi
1018 1360 1142 1439 maluit;
1166 1380 1265 1442 quam
1287 1359 1354 1423 for·

226 1484 314 1529 mam
336 1465 485 1546 genetivi,
509 1484 583 1529 curn
606 1465 702 1527 nimis
731 1465 856 1527 incerta
877 1464 1048 1543 videretur,
1077 1463 1194 1544 Ussing
1221 1463 1254 1526 in
1273 1461 1356 1543 fidei

225 1567 276 1631 vel
291 1566 361 1647 fide
384 1567 650 1649 commutandam
673 1583 745 1629 esse
768 1566 901 1630 censuit.
944 1565 1030 1630 Pers.
1047 1565 1110 1628 244
1130 1585 1226 1648 neque
1248 1566 1355 1647 tippu-

227 1668 272 1729 lai
306 1668 408 1729 lenins
436 1656 576 1749 poridnst
609 1687 704 1750 qtearn
728 1666 814 1748 fides
848 1668 1004 1742 lenonium
1036 1669 1081 1730 ita
1114 1667 1201 1731 enim
1228 1667 1355 1750 scripsit

227 1769 351 1833 Ritsehl
378 1788 489 1833 casum
517 1770 656 1851 genetivi
682 1775 717 1832 ut
747 1769 983 1834 accuratiorem
1007 1769 1194 1834 desiderans
1229 1769 1355 1848 (Daeier

218 1871 289 1952 fide
322 1872 485 1956 lenoniae),
521 1872 665 1954 quadiu
688 1872 777 1936 libris
801 1880 849 1938 est
875 1871 960 1952 Jitles
983 1872 1109 1934 lenonia
1141 1872 1272 1937 retinuit
1293 1873 1354 1938 Us-

225 1975 297 2056 sing
309 1973 334 2058 1)
362 1975 403 2059 (v.
437 1974 519 2038 intra
546 1981 649 2056 genet.
673 1993 758 2056 poss.
787 1974 979 2056 pandisset
1009 1973 1064 2038 eir.
1087 1981 1231 2040 ceterum
1263 1975 1353 2040 Neue

224 2076 382 2142 Formenl.
406 2077 419 2140 l
441 2098 470 2160 p.
492 2079 565 2157 378,
589 2077 767 2142 Buecheler
788 2096 817 2158 p.
842 2076 925 2157 112).

326 2178 371 2244 -is
403 2180 437 2244 in
470 2181 619 2262 genetivo
653 2180 807 2262 singulari
837 2181 951 2244 tertiae
975 2180 1197 2244 declinationis
1220 2181 1352 2245 Plautus

226 2283 308 2346 sicut
331 2283 384 2346 alii
407 2285 581 2365 scriptores
604 2284 779 2364 usurpavit.
813 2281 877 2347 Sed
897 2282 1057 2348 interdum
1074 2289 1252 2349 extremam
1267 2284 1352 2348 litte-

224 2397 295 2448 ram
319 2405 347 2446 ·s
370 2385 454 2449 abici
477 2385 581 2450 solere
604 2403 703 2467 supra
725 2385 934 2466 ostendimus,
958 2392 992 2449 ut
1016 2387 1110 2468 quasi
1124 2387 1158 2449 in
1174 2386 1352 2450 secundam

225 2486 473 2552 declinationem
496 2489 662 2552 transiisse
678 2487 731 2552 illa
746 2489 880 2553 nomina
895 2489 1073 2554 videantur.
1110 2488 1350 2553 Dubitationem

222 2608 301 2654 vero
324 2588 428 2654 adfert
450 2608 490 2655 ea
512 2591 673 2656 scribendi
695 2592 788 2672 ratio,
824 2611 888 2673 qua
910 2591 1045 2657 verbum
1068 2611 1132 2654 esse
1154 2611 1227 2656 cum
1252 2609 1350 2673 gene-

221 2693 289 2756 tivo
312 2693 346 2756 in
369 2713 469 2757 unum
492 2694 702 2774 contrahitur,
726 2694 813 2759 velut
835 2693 896 2757 Mil.
920 2695 980 2758 997
1004 2715 1084 2777 qnae
1105 2693 1201 2755 licias
1223 2694 1351 2775 cupiens

221 2795 389 2877 corporist3
422 2794 520 2861 Poen.
543 2798 606 2860 315
623 2796 773 2878 patellnrn
794 2795 927 2870 sardist;
961 2796 1042 2860 Rud.
1064 2797 1125 2862 761
1149 2797 1179 2858 is
1207 2793 1350 2858 Venerist

221 2897 447 2973 aduersaeins;
479 2897 549 2962 Aul.
578 2898 642 2961 448
672 2898 749 2980 plns
775 2898 937 2961 mercedist
965 2918 1043 2980 opus
1075 2896 1142 2982 (cir.
1159 2897 1349 2964 ‘Buecheler

220 3019 249 3080 p.
274 3000 357 3083 102).

324 3101 434 3183 Neque
456 3102 489 3165 id
510 3103 610 3166 tacite
632 3103 904 3184 praetereundum
927 3109 985 3182 est,
1021 3103 1108 3185 quod
1131 3103 1241 3168 addita
1264 3110 1276 3165 t
1297 3105 1332 3168 lit

219 3208 289 3268 tera
323 3203 439 3285 stirpes
472 3205 588 3268 horum
622 3204 897 3269 substantivorum
932 3225 1179 3287 nonnumquam
1212 3206 1348 3288 produci

220 3311 354 3386 possunt
368 3304 403 3390 ²),
426 3307 512 3372 velut
535 3307 569 3369 in
591 3306 696 3370 Plauti
718 3306 811 3372 Most.
834 3308 898 3374 560
918 3308 1146 3372 Philolachetis
1167 3330 1269 3372 eccuni
1284 3330 1347 3372 ser-

218 3427 289 3470 noen
323 3427 381 3489 pro
417 3407 630 3487 Philolacltae,
666 3410 753 3491 quod
786 3410 948 3475 invenitur
970 3430 1017 3476 ex.
1040 3431 1085 3492 gr.
1109 3411 1150 3475 ib.
1172 3413 1235 3477 374
1253 3419 1348 3494 pater

321 3681 456 3748 ¹).Amph
475 3683 526 3733 555
543 3684 576 3734 nt
594 3680 649 3734 tnis
662 3697 763 3749 parim
781 3682 1345 3751 811811ιά18118811818111181101111

218 3765 370 3833 Draeger
396 3765 497 3834 adfert,
522 3767 692 3821 Historische
718 3769 851 3836 Syntaxl
874 3770 966 3838 5199,
990 3770 1014 3838 3,
1042 3768 1105 3820 libri
1128 3767 1204 3820 nullo
1227 3783 1276 3888 pro
1294 3783 1345 3834 pa·

217 3865 280 3903 enm
297 3850 426 3904 exhibent
443 3850 478 3918 (v.
497 3851 570 3904 inira
588 3853 637 3904 sub
656 3857 744 3920 genet.
763 3858 832 3920 part.
846 3856 967 3921 purtem).

319 3952 413 4019 ².)Gfr
439 3953 588 4007 Buecheler
612 3969 638 4020 p.
656 3953 714 4023 116,
741 3955 788 4008 ubi
806 3971 839 4008 ex
857 3955 953 4008 Plauto
972 3955 1025 4007 duo
1044 3953 1098 4006 alia
1117 3951 1277 4004 adferuntur
1296 3968 1343 4005 no·

217 4036 290 4088 mina
315 4039 432 4106 propria,
458 4053 527 4105 quae
552 4038 646 4092 addita
671 3994 763 4128 littera
786 4041 872 4093 nasali
895 4054 914 4092 n
937 4039 1124 4106 producuntur
1150 4035 1296 4102 (Soterinis
1315 4043 1342 4092 et

217 4135 272 4173 acc.
289 4119 456 4175 Arclilinem
474 4138 507 4176 ex
525 4123 694 4176 nominativo
713 4123 834 4177 Archilis
852 4124 1005 4192 formatus).
