3312 5060
286 323 327 388 72

243 527 436 610 dipuissuml
462 547 540 603 essu·
569 526 639 591 Aul.
661 529 723 592 723
741 527 988 610 puuuusumus
1009 547 1063 610 epo
1084 545 1154 589 sum
1175 523 1315 586 omm'um
1334 520 1370 582 77

244 637 346 706 terrm
376 628 469 694 Most.
507 630 567 696 911
603 631 693 713 loupe
725 631 863 693 ornur'um
896 631 1135 713 luuprssumusu
1165 628 1281 708 Amph.
1306 626 1369 692 677

244 752 338 816 quum
367 733 505 795 numium
535 730 649 796 Tuus
670 733 725 796 uir
746 753 844 796 uuum
865 753 930 796 esar
951 739 1110 816 optumam
1131 731 1297 795 diiudicat.
1335 729 1371 794 ln

243 835 308 900 hoe
335 835 492 918 exemplo,
523 836 610 918 qnod
638 837 785 920 proxime
810 836 910 916 attuli
939 835 1125 919 superlativi
1148 835 1238 900 notio
1261 831 1372 898 addita

243 957 325 1004 voce
346 937 442 1002 umus
464 944 601 1021 augetur
622 945 655 1005 et
677 939 887 1004 confirmatur
909 939 978 1024 (cfr.
1000 937 1084 1004 inira
1105 939 1187 1003 Rud.
1211 937 1290 1022 prol.
1305 935 1368 1021 70).

242 1041 338 1106 Mero.
359 1043 402 1107 69
424 1041 469 1104 7717
489 1043 585 1104 mullo
602 1043 746 1124 primum
767 1062 832 1106 sese
847 1044 1073 1124 familiarium
1090 1042 1285 1106 luburuulssr
1299 1037 1368 1124 (eir.

247 1163 346 1228 supra
362 1145 505 1227 primum
527 1164 602 1210 eum
624 1153 728 1227 genet.
751 1145 962 1230 quantitatis).
996 1145 1069 1212 Cas.
1088 1147 1151 1212 793
1166 1147 1220 1208 alu
1232 1145 1342 1209 lim..
1357 1191 1373 1222 .,

241 1267 466 1330 pessumarum
480 1267 639 1330 pessuma.
671 1246 865 1314 Posterioris
884 1249 1012 1331 generis
1027 1250 1109 1314 haee
1123 1253 1199 1313 sunt
1213 1249 1373 1330 exempla:

250 1349 340 1432 Capt.
361 1351 425 1415 333
447 1355 606 1433 optumum
628 1371 701 1414 orus
722 1357 925 1435 optumusque
939 1351 1099 1416 homiuum
1114 1373 1145 1415 rs
1158 1351 1261 1428 domm·
1282 1351 1377 1417 Most.

248 1455 311 1520 593
344 1459 410 1531 lua,
444 1453 582 1516 emulum
614 1453 775 1518 homiuum
807 1454 895 1518 lmmo
927 1462 1122 1532 maturrume,
1155 1455 1272 1517 umlslr'
1303 1453 1376 1530 lum

248 1556 318 1622 Aut.
349 1557 411 1622 227
445 1555 533 1620 uem'l
563 1558 608 1620 rm'
633 1558 667 1620 77
696 1564 837 1641 mentem,
859 1559 1038 1641 factiosum
1066 1579 1114 1620 mr
1136 1577 1200 1621 esse
1221 1556 1374 1620 homiuem

244 1679 425 1742 pauperum
447 1679 709 1742 pauperrumum,
737 1663 799 1727 nisi
825 1661 908 1729 forte
936 1664 977 1727 ad
1000 1663 1088 1745 prius
1110 1681 1212 1743 genus
1234 1659 1376 1726 releren-

250 1764 327 1828 dum
356 1769 405 1830 est
427 1762 495 1848 (eir.
522 1783 620 1847 supra
642 1767 829 1829 miserorum
854 1766 1082 1852 miserrumus).
1125 1765 1205 1830 Rud.
1232 1764 1311 1848 prol.
1334 1765 1377 1828 70
1409 1775 1411 1778 ’

250 1887 324 1930 uam
344 1867 504 1930 Arcturus
524 1867 650 1950 sipuum
673 1889 741 1932 sum
764 1870 902 1932 emulum
916 1890 1015 1934 uuum
1029 1889 1246 1944 acerrumum,·
1260 1866 1377 1950 Amph.

250 1969 329 2038 648¹>
355 1971 461 2032 uirtus
482 1977 641 2052 optumum
658 1975 867 2054 praemiumsl
887 1982 1091 2057 optumarum.

354 2074 431 2134 Cum
453 2078 498 2134 his
521 2077 699 2136 eonferenda
720 2090 791 2139 sunt
812 2100 847 2139 ea
869 2083 1012 2158 exempla,
1035 2082 1089 2141 nbi

355 2193 396 2242 ex
418 2198 486 2238 uum
509 2182 638 2239 ablativo
660 2181 797 2242 iunctum
819 2203 857 2244 ex
879 2185 1061 2260 superlativo
1083 2185 1198 2260 pendet.
1240 2183 1316 2241 Trin
1338 2182 1380 2240 94

252 2282 288 2328 rx
310 2266 411 2324 auius
433 2267 519 2325 certis
542 2268 584 2325 717
603 2285 634 2327 es
655 2271 840 2330 certissumus
845 2287 856 2344 ‚·
877 2271 969 2329 Poen.
996 2271 1076 2331 1203
1099 2270 1150 2329 sed
1170 2271 1221 2328 lmu
1243 2289 1257 2328 e
1277 2268 1376 2327 multis

250 2355 465 2424 muuumumrl;
487 2349 579 2411 Stich.
606 2354 667 2413 120
689 2374 725 2414 ru
746 2357 833 2415 mulis
854 2357 954 2416 mullis
968 2357 1077 2416 mulum
1091 2355 1167 2432 quod
1180 2355 1374 2422 murmurum,

251 2437 283 2496 ul
304 2438 456 2496 miuumrst
476 2439 593 2498 mulum.

353 2525 655 2583 Animadvertendum
679 2536 723 2584 esi
744 2525 801 2584 hoe
823 2547 942 2603 quoque
965 2529 1135 2603 exemplum
1157 2525 1241 2603 Oept.
1265 2526 1328 2584 822
1352 2528 1379 2583 el

247 2613 397 2702 pptrourm
420 2613 447 2667 et
468 2609 613 2670 domiuum
633 2611 755 2671 reddum
777 2614 911 2672 mortalis
932 2614 1129 2673 miserrume.

355 2709 426 2775 Duo
459 2712 634 2792 genetivi
667 2713 800 2794 pretii,
835 2714 890 2796 qui
917 2713 1146 2797 superlativum
1173 2712 1295 2776 hebent
1321 2729 1382 2774 no·

251 2813 384 2891 tionem,
421 2815 605 2895 genetivum
637 2815 823 2897 partitivum
859 2815 921 2880 sibi
960 2816 1149 2881 adsciscunt
1192 2814 1279 2897 Epid.
1316 2814 1378 2877 502

248 2916 362 2999 faleor
393 2935 440 2978 me
474 2917 612 2979 omm'um
643 2916 804 2980 homiuum
837 2939 900 2982 essu
932 2917 1066 2982 Atlem's
1099 2917 1216 2980 Allius
1249 2915 1383 2978 mluumr'

249 3021 350 3102 prelr',·
376 3018 437 3083 Mil.
468 3020 529 3087 558
553 3026 650 3083 ruluu
664 3041 705 3099 ee,
734 3020 795 3100 dir,
826 3043 873 3084 me
898 3021 1053 3085 lmmr'uem
1074 3041 1138 3084 esse
1164 3021 1303 3083 umm'um
1324 3018 1381 3080 mi-

255 3123 344 3184 uumr'
360 3123 456 3205 preli.

360 3228 408 3288 Ex
430 3230 531 3287 eodem
554 3233 691 3307 genetivo
715 3234 798 3307 pretii
823 3231 1007 3290 aecusativus
1030 3249 1098 3288 eum
1121 3232 1187 3288 uule
1208 3228 1386 3287 coniunctus

258 3323 367 3407 pendet
388 3325 475 3384 Asin.
504 3319 567 3378 858
589 3321 660 3382 suu
681 3321 763 3380 ullum
785 3322 851 3377 uutr
873 3335 969 3376 omues
990 3316 1111 3375 mummi
1130 3314 1281 3374 mortalem
1297 3311 1386 3386 preti.

360 3425 460 3492 Paulo
472 3423 602 3488 liberius
618 3421 659 3487 ed
682 3419 912 3502 superlativum
923 3417 1090 3482 notionem
1102 3416 1152 3479 his
1163 3413 1243 3479 loeis
1255 3430 1386 3477 accom-

258 3533 410 3599 modatus
426 3535 476 3595 est
485 3527 654 3609 genetivus
666 3525 847 3607 partitivus:
864 3521 956 3587 True.
972 3521 1036 3586 590
1051 3538 1098 3601 sq.
1115 3539 1162 3580 me
1177 3519 1268 3580 illum
1280 3533 1388 3579 amare

258 3637 398 3700 emulum
411 3633 599 3715 plurumum
617 3628 778 3691 homiuum
793 3645 881 3688 erum
895 3631 979 3686 tuom
1000 3621 1106 3707 (519);
1121 3640 1226 3702 meque
1240 3618 1386 3681 honorem

256 3741 308 3804 r'llr'
322 3737 434 3801 lubere
449 3735 587 3800 omnium
601 3751 799 3805 muaumum5
815 3727 931 3811 quibus
946 3726 1026 3793 loeis
1041 3723 1248 3790 manifestum
1265 3727 1314 3786 est
1329 3737 1385 3800 ge-

257 3843 403 3911 netivum
418 3858 493 3906 curn
507 3837 586 3920 ipsis
602 3833 805 3918 superlativis
814 3832 1002 3914 plurumum
1017 3827 1118 3913 (Lech
1130 3847 1159 3908 p.
1175 3825 1226 3906 19)
1239 3829 1271 3888 et
1282 3823 1387 3885 maul-

258 3967 343 4008 mum
358 3963 416 4030 per
430 3960 466 4008 se
481 3940 633 4021 coniungi
648 3957 715 4002 non
730 3952 837 4019 posse,
855 3952 929 3998 cnm
938 3933 1126 4015 plurumum
1140 3929 1279 3991 omm’um
1289 3924 1386 3988 lomi-

256 4069 341 4126 7777,
366 4047 391 4111 si
415 4046 460 4110 ita
483 4041 696 4123 coniungitur,
716 4038 795 4103 nihil
812 4036 899 4101 aliud
922 4033 1077 4116 significet
1101 4037 1200 4114 atque
1225 4028 1386 4093 maxime

260 4169 350 4233 pars
372 4148 576 4213 hominum
599 4143 778 4222 omnium,
801 4139 945 4202 honorem
966 4155 1149 4199 maxumum
1170 4133 1307 4196 omm'um
1328 4148 1388 4194 an·

256 4262 324 4319 tem
341 4252 397 4335 (se.
412 4251 618 4328 hominum,
635 4244 723 4329 quod
743 4242 880 4308 verbum
902 4259 943 4307 ex
965 4237 1177 4320 congruentia
1199 4253 1273 4300 cum
1290 4250 1385 4298 versu
