3306 5060
311 343 353 406 92

264 548 365 632 preti;
397 546 458 610 Mil.
493 546 554 611 145
587 563 665 608 nam
692 565 779 607 meas
807 563 970 606 coiecerunt
1000 550 1044 605 est
1071 543 1158 606 tamo
1180 542 1267 604 baud
1288 543 1398 625 magui

263 651 365 733 prata·
387 648 484 714 Stich.
508 650 571 714 235
594 654 713 710 ecastor
734 649 908 710 auctionem
930 645 1012 709 hunc
1032 646 1120 709 haud
1141 646 1251 728 ucaqni
1267 646 1362 728 preti.

366 753 467 835 parat
481 752 571 835 preti
597 769 637 817 ex
666 751 766 816 verbo
789 771 852 812 esse
873 750 992 832 pendet
1013 749 1082 813 Aul.
1106 750 1169 815 790
1189 748 1310 810 nullast
1332 754 1397 810 tam

262 856 364 938 parui
391 856 492 939 preti,·
529 854 612 918 Trin.
646 853 725 920 aaut
760 873 852 938 quom
884 873 954 915 eum
985 853 1090 915 animo
1124 871 1188 914 meo
1210 857 1321 933 reputo

262 959 349 1041 preti
371 976 466 1042 quam
487 957 529 1020 sit
546 958 658 1040 parui.

370 1060 503 1122 minumi
520 1059 606 1143 preti
632 1064 700 1122 tum
723 1077 763 1124 ex
785 1059 885 1124 verbo
914 1058 1041 1140 pendet,
1064 1063 1133 1122 tum
1155 1057 1198 1121 ad
1220 1055 1394 1120 substanti·

267 1182 345 1227 vum
365 1163 504 1228 relatum
525 1163 662 1245 ponitur.
698 1161 783 1245 Epid.
805 1163 869 1227 502
885 1161 998 1243 fateor
1018 1181 1065 1223 me
1084 1161 1222 1223 omnium
1236 1159 1396 1222 homiuum

266 1265 399 1328 Athenis
435 1266 551 1328 Atticis
593 1285 657 1327 esse
693 1265 826 1326 cainiani
858 1265 960 1346 preca
996 1263 1058 1326 Mil.
1088 1262 1151 1328 558
1189 1269 1287 1326 ratua
1326 1262 1398 1324 istie

267 1388 314 1429 me
340 1367 493 1430 teacinam
519 1388 583 1429 esse
609 1368 746 1430 omnium
773 1367 907 1428 minumi
923 1367 1033 1448 pretet.
1072 1365 1215 1431 Verbum
1237 1365 1395 1431 omissum

268 1478 318 1537 cst
340 1471 391 1535 his
413 1471 506 1536 locis:
529 1470 621 1534 Asin.
645 1473 707 1536 858
729 1471 805 1533 scito
826 1470 918 1532 illum
939 1477 1012 1532 ante
1033 1489 1136 1532 ornnes
1158 1470 1291 1532 minuma·
1312 1490 1392 1532 mor-

267 1575 361 1637 talem
380 1575 482 1656 preti;
505 1592 591 1640 esse
615 1574 679 1639 hoc
705 1573 777 1639 loco
804 1573 1016 1655 supplendum
1040 1591 1112 1638 esse
1131 1579 1243 1638 censet
1264 1571 1398 1638 Schaati

267 1697 296 1759 p.
322 1675 385 1762 36).
419 1677 536 1742 Bacch.
564 1676 628 1740 444
657 1675 712 1738 ebo
743 1696 837 1740 cenea
865 1677 998 1738 minuent
1014 1677 1115 1758 preti;
1138 1674 1209 1740 Cas.
1232 1675 1296 1740 594
1318 1674 1396 1757 quid

267 1781 326 1857 ais,
349 1781 404 1842 air
429 1781 563 1842 iniierunt
579 1781 697 1862 pretei,·
718 1779 805 1860 Epid.
827 1781 892 1843 494
914 1799 961 1840 me
982 1779 1150 1841 emuucisti
1165 1778 1324 1840 mucidum
1338 1778 1395 1840 uei·

266 1884 355 1945 aurici
376 1884 477 1964 prett;
509 1882 591 1947 Men.
621 1882 685 1947 489
711 1882 877 1964 flapitc'um
900 1881 1035 1945 bortrinis
1056 1881 1182 1944 subdole
1203 1902 1241 1943 ac
1262 1881 1396 1944 minanti

262 1986 348 2068 preti
355 2007 364 2062 ;
386 1984 462 2048 Trin
484 1986 548 2050 925
570 1985 654 2046 inter
676 1983 766 2046 labra
789 1985 882 2048 tatuit
903 1985 957 2046 uir
980 1985 1111 2046 ariamiri
1128 1985 1217 2065 preti

364 2088 472 2170 pluris
499 2088 595 2169 preti.
640 2087 757 2152 Bacch.
788 2089 852 2154 630
880 2094 1017 2150 urertuos
1038 2088 1146 2169 pluris
1163 2088 1279 2169 pretist
1299 2107 1393 2169 quam

267 2211 322 2272 epe
343 2189 421 2252 sura.
1196 2176 1199 2180 ⁵

369 2293 533 2376 qrcentiuis
560 2294 655 2375 preti.
699 2293 786 2359 Pers
819 2295 883 2358 025
913 2315 1022 2357 aorrcea
1055 2300 1147 2376 atque
1180 2314 1267 2356 omen
1289 2314 1387 2376 quatr-

264 2397 341 2459 tc'uis
363 2398 458 2460 iniust
473 2397 559 2479 preti
565 2419 574 2472 ,·
595 2397 682 2479 Epid.
704 2399 769 2464 410
791 2396 884 2460 babes
905 2418 1028 2460 seruam
1041 2397 1230 2479 prepbicum
1245 2403 1274 2458 et
1288 2416 1390 2478 queit·

264 2501 337 2562 ticc's
354 2503 450 2581 preti.

366 2603 424 2667 His
447 2609 522 2685 apte
544 2603 747 2685 subiungitur
769 2604 960 2686 exemplum,
984 2604 1017 2667 in
1039 2623 1104 2686 qua
1127 2603 1294 2685 genetivus

365 2707 449 2770 nulli
470 2708 517 2769 rei
539 2725 579 2772 ex
601 2706 701 2771 verbo
725 2727 788 2768 esse
809 2707 940 2788 pendet:
964 2705 1061 2771 Stich.
1085 2709 1146 2770 718
1169 2707 1252 2768 auiti
1266 2706 1314 2767 rei
1328 2707 1389 2767 ert·

263 2830 333 2872 mus
350 2817 477 2892 posten,·
502 2816 537 2874 ut
564 2810 652 2874 Loch
682 2808 723 2894 (p.
752 2808 794 2894 8),
822 2811 867 2874 ita
894 2828 954 2892 ego
985 2811 1067 2872 nulli
1089 2811 1136 2872 rei
1157 2829 1216 2891 pro
1239 2809 1389 2891 genetivo

263 2912 449 2978 habendum
472 2931 544 2978 esse
567 2931 686 2978 censeo
699 2911 737 2996 1);
760 2913 904 2976 dativum
925 2913 1038 2978 Holtzc
1060 2913 1072 2975 1
1094 2933 1125 2995 p.
1148 2914 1208 2977 3οΙ
1234 2918 1266 2977 et
1287 2912 1388 2977 Drac-

263 3034 320 3097 gcr
348 3015 360 3078 Ι
387 3017 406 3098 ξ
439 3016 499 3080 194
522 3021 713 3079 statuerunt.
757 3015 854 3080 Pretii
881 3034 979 3098 quam
1010 3015 1173 3098 qualitatis
1203 3015 1388 3097 genetivum

263 3119 417 3202 appellari
440 3119 559 3182 malim.

365 3425 510 3491 Alterum
542 3444 644 3508 genus
676 3427 815 3508 genetivi
848 3427 942 3508 pretii
975 3427 1007 3490 id
1037 3446 1109 3493 esse
1142 3428 1290 3507 diximus,
1322 3444 1387 3509 quo

261 3529 355 3612 pretii
388 3528 579 3611 significatio
602 3530 760 3611 generalis
789 3530 876 3612 apud
905 3529 1005 3594 verba
1028 3531 1155 3596 emendi
1178 3538 1210 3595 et
1231 3529 1392 3595 vendendi

261 3634 459 3716 exprimitur.
503 3634 559 3698 His
581 3633 688 3697 verbis
710 3653 777 3698 non
798 3653 874 3698 raro
897 3633 1079 3698 attribuitur
1101 3633 1261 3698 ablativus
1284 3633 1389 3716 pretii,

261 3737 316 3820 qui
338 3755 466 3819 semper
487 3737 626 3819 ponitur,
650 3736 676 3799 si
700 3743 823 3801 certum
845 3735 1006 3801 indicatur
1028 3738 1173 3819 pretium.
1210 3736 1255 3800 Ea
1277 3735 1387 3815 verba

261 3839 377 3921 quibus
399 3840 567 3920 genetivus
590 3839 792 3918 adscribitur,
816 3841 900 3904 haec
923 3844 1014 3903 sunt:

363 3959 467 4008 emere
489 3962 564 4007 cum
585 3945 696 4025 quanti
718 3944 867 4025 genetivo
891 3943 1100 4008 construitur:
1117 3943 1203 4026 Epid.
1219 3944 1257 4007 51
1277 3942 1390 4025 quanti

363 4197 383 4264 ¹)
402 4197 457 4251 Ofr.
476 4197 566 4251 Luchs
585 4199 612 4250 in
631 4199 807 4252 Studemundi
827 4199 903 4253 Stnd.
923 4201 935 4252 Ι
953 4216 977 4267 p.
998 4201 1049 4251 328
1067 4207 1122 4254 not.
