3306 5060
1263 317 1321 382 147

240 527 306 582 tum
340 521 383 582 ad
416 520 529 583 lterum
563 541 665 584 meres
700 521 843 602 linguam
878 527 1022 598 uertere;
1058 521 1176 586 Bacch.
1198 521 1262 586 545
1297 523 1366 581 erte-

235 622 292 703 pot
315 643 353 684 ne
376 629 412 686 tu
436 623 566 686 illarum
589 642 690 686 mores
713 643 873 706 perquam
900 623 1051 686 meditate
1082 630 1167 686 terme
1196 625 1237 706 (v.
1259 630 1366 706 genet.

238 724 372 791 subiect.
389 723 531 806 factam,
555 725 737 809 sententia).
759 724 859 788 -In
887 726 1040 808 singulari
1068 744 1203 792 numero
1233 727 1364 809 ponitur

239 847 324 890 mos:
354 827 447 893 Truc.
468 828 547 910 prol.
571 827 610 892 16
641 835 677 890 ut
707 847 774 891 mos
803 838 850 892 eet
880 827 1068 905 mulierum·
1099 828 1169 896 Aul.
1192 829 1255 896 246
1279 849 1365 891 more

238 928 402 993 hominum
431 931 538 1012 faeit;
570 930 646 996 Cist.
680 932 743 995 620
777 951 861 994 more
895 933 1055 995 maiorum
1089 932 1164 996 date
1193 933 1348 1014 plausum
1357 949 1368 1005 ,·

237 1033 332 1098 Mero.
353 1034 390 1114 3;
413 1032 495 1098 Tn'n.
521 1035 617 1114 1031;
640 1034 719 1099 Rud.
741 1035 805 1100 346
829 1034 978 1098 lenonum
1000 1055 1086 1098 more
1095 1034 1181 1115 feeit
1201 1035 1244 1119 (v.
1261 1041 1365 1116 genet.

238 1136 371 1202 subiect.
394 1137 587 1221 imperium).
954 1197 962 1214 ,

339 1237 459 1304 modun.
502 1239 594 1306 Most.
623 1241 684 1306 139
714 1239 792 1304 haee
825 1241 1056 1304 uerecundiam
1091 1241 1135 1303 mi
1167 1249 1197 1302 et
1230 1243 1365 1304 uirtutis

238 1342 366 1406 modum
389 1342 636 1426 deturbauitque
660 1344 840 1427 deteuitque
862 1364 882 1405 a
905 1361 970 1422 me,·
991 1343 1185 1408 Μ11.79133
1202 1350 1366 1405 matrona·

239 1464 311 1506 rum
343 1444 435 1510 moda
468 1446 572 1527 eapite
602 1453 724 1527 corupta
758 1447 861 1508 erinis
895 1447 1057 1529 uittasque
1086 1445 1218 1523 habeam
1250 1445 1365 1511 horum

237 1546 324 1628 prior
356 1547 523 1628 genetivus
554 1547 681 1614 videtur
714 1568 789 1634 eum
818 1548 987 1614 obiectivis
1014 1555 1173 1630 cognatus
1197 1565 1279 1629 esse,
1303 1567 1362 1631 po-

237 1650 353 1716 sterior
375 1670 449 1714 cum
471 1651 630 1733 genetivo,
661 1652 717 1734 qui
739 1670 779 1716 ex
801 1672 868 1715 mos
890 1652 1018 1734 pendet,
1042 1653 1226 1733 comparari
1248 1657 1365 1733 potest.

339 1769 411 1838 pax.
454 1752 569 1836 Amph.
592 1755 674 1819 1127
702 1753 794 1818 Iouis
820 1757 964 1833 supremi
986 1754 1097 1816 meritis
1121 1754 1235 1815 hostiis
1254 1774 1366 1836 parem

239 1855 522 1937 eupetam;P0e11.
546 1857 608 1922 253
632 1877 713 1941 quae
735 1857 778 1919 ad
801 1857 895 1919 deum
913 1877 1028 1940 pacem
1052 1858 1177 1938 oportet
1198 1855 1320 1918 adesse.

339 1956 502 2024 Genetivis
525 1959 710 2025 subiectivis
732 1960 879 2042 proxime
901 1959 1032 2043 cognati
1064 1964 1140 2024 sunt
1169 1958 1203 2021 hi
1234 1977 1365 2041 quoque

236 2061 385 2143 genetivi,
409 2062 464 2144 qui
486 2061 696 2128 substantivis
715 2061 839 2128 verbali
853 2063 986 2128 notione
1000 2062 1154 2144 praeditis
1169 2061 1367 2128 tribuuntur:

338 2163 473 2231 facinus.
518 2164 587 2229 Aul.
611 2165 672 2230 587
697 2165 754 2228 hoe
781 2173 828 2228 est
855 2168 942 2228 serui
957 2166 1095 2246 sasinus
1119 2165 1219 2247 frupi
1241 2164 1370 2245 faeere⁸

338 2266 472 2333 lucrum.
515 2268 602 2333 Pers,
624 2269 664 2334 61
695 2268 778 2331 unde
801 2268 884 2330 hune
905 2288 961 2350 epo
985 2275 1150 2350 quaestum
1181 2268 1308 2348 optineo
1339 2275 1370 2330 et

239 2371 397 2432 iuniorum
420 2371 554 2434 tucrum.

337 2491 460 2538 munus
504 2473 592 2537 Asin.
615 2473 679 2536 812
702 2471 791 2554 apud
820 2471 955 2534 amicum
984 2491 1099 2534 munus
1131 2471 1370 2534 adulescentuli

230 2577 395 2658 suppara·
427 2576 509 2641 Men.
532 2576 595 2640 223
623 2577 795 2656 parasitus
827 2573 990 2636 hominum
1021 2581 1089 2636 oeta
1119 2591 1235 2636 munus
1261 2571 1368 2651 facite

231 2681 408 2761 junpitum·
427 2679 527 2744 Poen.
550 2679 632 2744 1176
652 2677 820 2740 deamauei
838 2683 962 2739 ecastor
978 2673 1030 2738 iiii
1046 2675 1140 2738 nodie
1157 2674 1366 2756 lepidiseuma

239 2801 373 2844 munera
396 2783 598 2844 meretricum
612 2778 648 2864 1).

339 2883 511 2969 negotium.
554 2882 653 2949 Stich.
674 2884 696 2946 4
719 2900 856 2965 quorum
881 2882 1019 2962 nepotiis
1047 2878 1250 2964 absentum2)
1283 2879 1368 2942 satit-

239 2987 321 3047 eitae
342 3005 461 3049 sumus.

342 3086 489 3153 officium.
532 3087 601 3152 Aul.
623 3089 686 3153 593
719 3086 777 3150 hoe
810 3089 898 3150 serui
928 3106 993 3148 esse
1022 3085 1171 3168 efficium
1200 3105 1273 3148 reor
1302 3084 1367 3167 (su-

240 3191 367 3277 spect.);
397 3190 490 3257 Most.
512 3191 552 3256 27
576 3190 688 3253 hocine
711 3190 785 3253 berei
806 3210 872 3252 esse
894 3188 1039 3271 officium
1062 3190 1151 3250 serui
1172 3191 1375 3263 existuenas;

240 3295 337 3362 Stich.
361 3296 467 3360 13.14
490 3294 620 3377 inprobi
642 3297 710 3358 uiri
730 3295 836 3376 officio
861 3295 926 3381 ati3
952 3293 1091 3372 11).297;
1119 3292 1211 3359 Teuc.
1233 3290 1299 3356 434
1320 3311 1369 3373 sq.

241 3419 304 3462 nen
327 3399 469 3463 amantis
491 3397 647 3466 mulieris,
676 3397 731 3460 sed
754 3398 992 3472 unanimantis‚
1024 3396 1127 3458 salide
1141 3395 1280 3478 fidentis
1298 3394 1371 3474 fuit

241 3501 384 3584 officium
406 3499 522 3581 faeere
552 3499 637 3583 qued
667 3500 758 3562 mede
789 3498 865 3561 liaeo
884 3499 968 3577 feeit
991 3497 1088 3574 menn
1121 3495 1193 3561 Cas
1217 3498 1280 3562 585
1304 3517 1369 3557 nen

241 3611 465 3667 matronarum
487 3602 675 3685 officiumst,
698 3604 754 3666 sed
777 3600 1030 3684 meretriciumi)
1053 3602 1136 3663 uiris
1159 3601 1278 3663 alienis
1301 3598 1374 3661 sub-

242 3705 434 3771 blandire'er.

343 3825 430 3894 opus.
473 3808 565 3874 Most.
588 3809 651 3872 412
675 3807 709 3870 id
732 3809 799 3870 uiri
820 3807 936 3870 doetist
960 3823 1055 3889 opus;
1083 3804 1197 3870 Pseud.
1224 3803 1286 3868 140
1310 3802 1369 3864 tier

243 3930 349 3973 eorum
372 3919 474 3994 opust.
499 3949 539 3958 —
562 3912 632 3976 Huc
655 3911 816 3993 pertinent

345 4081 366 4148 1)
382 4081 523 4135 metricum
540 4082 571 4150 B,
590 4080 744 4135 matriniam
761 4081 817 4134 DZ.

345 4168 367 4234 ²)
382 4166 532 4222 absentium
549 4169 582 4236 A,
599 4167 738 4221 absentum
756 4166 851 4220 ceteri.

348 4257 367 4320 ³)
385 4253 426 4308 De
442 4252 625 4307 meretricium
643 4271 667 4308 v.
686 4268 769 4320 supra
785 4269 812 4320 p.
830 4253 865 4305 10
882 4267 921 4321 sq.
