3312 5060
1279 315 1317 378 31

237 520 301 584 alia
329 527 548 602 proponentes
577 521 684 586 locum
712 507 887 586 emendare
916 521 1026 584 eonati
1056 528 1130 583 sunt
1157 518 1225 602 (cfr.
1248 518 1365 599 Ussing

237 622 331 687 adh.
356 621 395 706 1.),

340 725 484 791 uectura.
528 725 615 790 Asin.
646 728 709 790 432
743 724 808 796 eho,
845 723 994 789 Coriscns
1020 745 1084 806 pro
1117 729 1252 788 neotnrn
1285 721 1367 788 otini

238 848 305 891 rem
328 826 440 900 soinit;
463 829 525 892 nisi
547 848 606 910 pro
630 829 791 894 obieetivo
814 828 962 910 genetivo
986 826 1155 892 habendus
1179 834 1235 890 est.

341 929 510 996 nehielum.
543 931 631 996 Pers.
648 933 710 996 782
727 929 887 995 dedictum
904 929 1034 1013 arpenti
1054 928 1151 992 miser
1166 929 1250 1004 eieci,
1272 947 1368 1011 quem

239 1035 345 1098 minus
372 1040 460 1099 recte
488 1033 586 1098 habet
616 1035 705 1099 Loeh
733 1054 792 1117 pro
821 1035 972 1116 genetivo
1000 1034 1155 1098 materiae
1179 1031 1246 1117 (osr.
1269 1051 1367 1115 supra

240 1137 311 1202 Cas.
335 1139 397 1200 778
420 1135 571 1200 corbitam
595 1135 678 1220 ribi).

342 1237 401 1303 uis.
455 1239 551 1304 Poen.
586 1243 649 1305 210
685 1237 791 1322 negoti
828 1237 888 1302 sibi
921 1238 979 1319 qni
1011 1237 1099 1302 iiotet
1129 1237 1199 1302 nini
1228 1255 1369 1318 pornre;

240 1345 353 1409 Holtze
378 1345 402 1426 (Ι
425 1366 453 1426 p.
477 1344 509 1427 7)
533 1343 658 1411 confert
680 1365 730 1408 res
751 1343 970 1425 noinptotnm,
1002 1344 1127 1422 similia,
1156 1349 1187 1408 et
1209 1342 1369 1406 vocabulo

239 1447 310 1511 nim
332 1449 498 1512 notionem
527 1447 635 1530 negoti
658 1450 767 1529 augeri
791 1448 876 1512 dicit.
920 1447 1033 1529 Itaque
1056 1465 1094 1511 ex
1117 1447 1186 1512 eius
1209 1444 1370 1509 sententia

240 1551 293 1614 hic
315 1552 482 1630 genetivus
506 1552 589 1615 inter
612 1551 812 1632 appositivos
834 1548 944 1614 referri
968 1549 1131 1614 debuerat.
1168 1549 1283 1630 Amph.
1308 1547 1371 1612 234

241 1651 365 1716 rodunt
393 1650 567 1714 noinernm
596 1651 634 1716 ni
656 1650 741 1730 niri;
773 1652 829 1715 ubi
850 1650 1024 1715 noinernm
1046 1651 1085 1715 ni
1106 1651 1176 1716 nim
1198 1651 1372 1716 Luohsium

243 1754 345 1819 secuti
374 1754 572 1835 seripserunt
599 1752 700 1820 Goetz
731 1761 763 1819 et
790 1755 917 1835 Loewe,
947 1752 1099 1818 nnineris
1128 1754 1218 1818 niet
1243 1752 1372 1818 nirinm

243 1857 276 1918 in
298 1855 386 1919 libris
409 1861 465 1920 est.
510 1857 597 1938 Epid.
621 1858 683 1922 249
705 1856 801 1936 qrrnsi
830 1855 1011 1920 retruderet
1032 1856 1102 1920 med
1128 1855 1297 1920 hominnm
1319 1855 1373 1920 nis

242 1957 398 2022 innitnm.
425 1996 463 2006 -
487 1959 661 2025 Praeterea
683 1960 774 2025 True.
797 1964 870 2042 519,
894 1959 949 2023 uhi
971 1959 1100 2026 Schoell
1122 1961 1266 2041 scripsit:
1299 1958 1372 2039 qni-

242 2081 302 2141 qne
330 2061 412 2124 mihi
443 2062 555 2144 anagni
585 2061 706 2126 doloris
735 2082 819 2127 onus
837 2110 843 2124 .
864 2111 894 2127 ..
919 2061 1093 2127 condidisti
1115 2062 1153 2126 in
1175 2082 1300 2143 eorpus,
1328 2061 1372 2125 ibi

242 2183 301 2245 pro
325 2184 421 2229 onus
445 2165 498 2228 alii
521 2165 599 2230 uim
622 2165 775 2230 scribunt.

346 2268 493 2350 Denique
513 2288 578 2333 uno
601 2269 674 2333 loco
697 2269 865 2350 genetivus
888 2269 1078 2351 quantitatis
1102 2287 1141 2334 ex

344 2357 381 2434 ea
402 2371 595 2451 pronomine
618 2371 752 2451 pendet:
775 2370 890 2452 Amph.
913 2371 978 2435 430
999 2369 1098 2434 rodns
1119 2374 1192 2433 erni
1213 2367 1256 2432 ibi
1278 2367 1372 2432 nini:

241 2469 319 2534 inde
352 2470 479 2552 inpteni
512 2471 738 2536 hirneam...
771 2492 841 2537 enm
868 2492 922 2555 epo
951 2472 1037 2552 itini,
1069 2476 1109 2536 nt
1130 2475 1233 2536 nrotre
1256 2474 1375 2534 notum

240 2572 361 2653 inerat,
384 2574 484 2638 ednxi
506 2574 605 2654 meri·
635 2594 719 2658 quae
742 2577 903 2657 scriptura
925 2575 1151 2658 (Fleckeiseni)
1175 2593 1195 2638 a
1217 2573 1369 2636 librorum

240 2677 378 2743 leotioue
402 2678 463 2741 nisi
487 2678 600 2742 ordine
623 2676 795 2742 uerborum
819 2678 983 2759 paululum
1007 2683 1132 2741 mutato
1155 2677 1232 2740 nihii
1255 2674 1371 2754 differt3

242 2777 346 2862 Guyet
368 2787 491 2846 autern:
514 2779 548 2843 id
570 2800 647 2863 ego.
667 2829 699 2843 ..
724 2779 823 2844 adimi
844 2800 977 2857 meram,
1002 2781 1129 2845 Holtze:
1153 2798 1223 2843 eom
1246 2797 1301 2860 ego
1316 2824 1323 2838 .
1341 2823 1374 2839 ..

241 2883 319 2947 nini
349 2883 448 2948 ednai
478 2883 629 2948 hirrmoin
662 2884 751 2964 meri,
781 2885 834 2948 alii
856 2885 956 2949 aliter.
1002 2884 1106 2949 Credo
1130 2883 1283 2947 librorum
1306 2901 1376 2946 eom

242 2971 370 3051 defendi
393 3005 499 3069 posse.

345 3090 458 3154 Restat
491 3097 526 3154 ut
559 3109 599 3155 ea
632 3091 779 3172 exempla
812 3089 986 3172 proferam,
1020 3092 1051 3152 in
1086 3088 1202 3172 quihus
1235 3088 1376 3170 genetivi

243 3190 322 3256 oriri
345 3198 376 3256 et
399 3192 529 3275 arpenti
551 3193 593 3257 ad
616 3193 820 3257 substantiva
844 3191 959 3270 libatio,
983 3192 1086 3269 mina,
1108 3190 1267 3256 talentum
1283 3191 1375 3256 relati

244 3301 319 3359 sunt
342 3294 410 3378 (ofr.
434 3315 531 3377 supra
554 3295 665 3372 tinnio,
684 3295 794 3377 pondo
818 3303 849 3360 et
871 3296 954 3360 infra
976 3313 1140 3370 nnmmns,
1163 3288 1336 3377 Philippi).

347 3397 469 3464 libella.
514 3399 604 3482 Capi.
640 3402 700 3464 947
736 3399 817 3463 mihi
851 3398 989 3464 iibeiiom
1020 3419 1082 3480 pro
1115 3418 1149 3461 eo
1180 3397 1310 3481 arpenti
1336 3415 1377 3460 ne

244 3500 334 3581 duis·
356 3502 472 3566 Pseud.
496 3504 559 3567 629
583 3501 641 3566 tibi
664 3501 802 3568 libatiam
826 3502 957 3586 argenti
978 3521 1158 3583 nnmqnnm
1182 3500 1319 3565 credam.
1468 3507 1472 3513 ’

348 3602 434 3668 mina
465 3624 539 3669 oum
566 3607 778 3671 usitatissime
801 3625 875 3670 oum
898 3606 1048 3686 genetivo
1071 3604 1200 3687 arpenti
1222 3604 1378 3669 coniunc-

246 3713 314 3770 tum
337 3707 389 3786 sit,
416 3726 535 3790 operae
558 3710 695 3790 pretium
720 3728 787 3772 non
810 3727 882 3774 esse
905 3709 1086 3772 existimavi
1106 3708 1215 3772 omnia
1231 3705 1379 3786 exempla

175 3871 178 3876 ⁴
247 3810 447 3889 perscribere
477 3818 509 3892 et
539 3812 777 3891 demonstrare;
810 3829 1001 3877 enumerare
1034 3811 1113 3874 satis
1146 3809 1245 3874 habui
1278 3808 1377 3886 locos

248 3911 364 3992 quibus
395 3932 469 3976 curn
499 3915 648 3993 genetivo
678 3915 884 3995 construitur,
915 3933 1038 3979 omnes,
1083 3913 1169 3976 Asin.
1193 3911 1234 3975 89
1256 3907 1384 3991 triginti

201 4071 204 4076 .
247 4013 314 4077 inm
341 4019 436 4079 nsnst
462 4013 529 4095 filio
546 4017 682 4099 'arpenti
705 4017 821 4093 minis;
855 4017 895 4080 ib.
919 4018 992 4097 364,
1016 4018 1088 4095 396,
1112 4017 1185 4095 532,
1209 4016 1281 4093 579,
1305 4014 1378 4079 633,

248 4117 321 4197 651,
346 4120 417 4194 725,
443 4120 515 4199 ῖ52,
539 4119 618 4200 852;
648 4120 735 4203 Epid.
758 4119 800 4184 54
822 4119 857 4182 id
879 4118 956 4183 odeo
979 4122 1149 4202 argentum
1167 4169 1173 4181 .
1190 4168 1218 4180 ..
1242 4115 1381 4196 sumpsit

248 4218 360 4300 fenore
381 4221 421 4284 in
442 4221 509 4286 dies
531 4221 702 4303 minusque
724 4222 854 4305 urgenti
879 4220 1028 4306 sidonios
1055 4219 1214 4300 nummis
1240 4219 1281 4284 ib.
1307 4220 1378 4298 114,
