3312 5060
1283 331 1324 394 57

242 553 367 617 negans
399 535 541 602 scribere
567 535 666 601 voluit
694 535 846 616 „logis“
875 552 933 615 pro
960 533 1032 612 loci,
1062 539 1097 597 nt
1126 533 1371 616 significaretur,

243 656 316 704 eam
350 638 417 701 suis
449 637 540 720 logis,
574 638 592 702 i.
619 656 646 702 e.
673 655 733 702 suo
765 637 952 702 narratione
984 636 1061 700 nihil
1095 637 1155 702 deo
1189 637 1373 719 reliquisse,

243 739 332 822 quod
362 739 455 804 valde
488 739 600 805 dubito
627 759 704 802 num
733 739 893 804 concinne
919 739 965 802 ite
996 733 1237 820 exprimendum
1266 739 1372 818 inerit,

244 842 370 907 etiamsi
403 843 483 924 togis
517 841 592 906 alibi
626 861 703 906 usus
738 842 779 906 sit
812 847 910 923 poeta
943 840 1010 924 (cir.
1043 840 1125 906 Men.
1157 843 1219 906 779
1248 843 1375 926 loquere

238 947 368 1028 paucis:
397 967 460 1008 mou
487 947 595 1026 longos
617 943 724 1030 loyes).
768 944 874 1026 Atque
898 944 1049 1026 equidem
1072 945 1182 1009 nescio
1207 964 1249 1008 en
1271 964 1371 1026 gene-

242 1049 327 1114 tivus
349 1048 477 1114 defendi
499 1049 609 1131 possit,
634 1047 762 1114 etiamsi
783 1049 868 1110 sotiu
890 1065 948 1129 per
970 1066 1006 1112 se
1027 1047 1133 1112 minus
1154 1053 1266 1129 aptum
1283 1048 1372 1112 vide-

242 1158 339 1232 retur,
367 1151 454 1234 quod
476 1152 660 1233 genetivum
683 1157 816 1231 regeret.
861 1150 1008 1232 Namque
1031 1151 1092 1232 ipsi
1113 1151 1294 1216 sententiae
1316 1169 1374 1232 ge·

243 1256 369 1322 netivus
400 1255 587 1336 aptissimus
621 1261 670 1318 est
703 1252 863 1338 (firmium
894 1253 966 1332 loci,
1001 1263 1158 1334 quantum
1188 1253 1376 1335 loqueretur

242 1357 331 1438 deus,
365 1358 418 1422 vix
444 1356 621 1440 reliquit“);
655 1364 687 1420 et
709 1354 785 1419 alibi
814 1355 911 1437 paulo
939 1354 1071 1419 liberius
1100 1357 1283 1436 genetivum
1314 1355 1374 1420 ud·

242 1462 353 1528 nexuit
383 1467 481 1542 poeta
510 1459 579 1543 (cir.
610 1478 708 1541 supra
735 1459 811 1540 ptos
833 1459 920 1541 Epid.
942 1461 1006 1524 675
1028 1459 1190 1522 duodecim
1211 1461 1278 1523 deis
1295 1461 1376 1543 ptris

243 1585 338 1648 quom
358 1564 393 1625 iu
415 1564 498 1625 coelo
519 1560 698 1645 deorumst).
741 1560 805 1628 Sed
827 1563 906 1624 sutis
928 1561 1082 1626 adverbio
1098 1581 1227 1628 omnem
1244 1563 1375 1645 quanti·

244 1667 321 1730 tetis
343 1665 609 1747 significationem
632 1683 747 1730 vereor
769 1683 810 1730 ne
834 1664 951 1746 Ussing
965 1683 1031 1728 non
1047 1665 1115 1731 iure
1130 1666 1375 1746 abiudiceverit,

246 1787 319 1832 eum
350 1767 457 1831 multis
487 1767 567 1832 locis
596 1767 681 1848 apud
711 1766 859 1831 Plautum
882 1767 965 1832 haec
988 1766 1178 1849 significatio
1202 1767 1377 1834 manifesta

246 1870 287 1934 sit
308 1868 376 1946 (cfr.
398 1869 480 1934 Men.
503 1870 565 1934 319
587 1869 672 1931 satire
693 1868 749 1931 doe
771 1869 911 1952 inquoru,
939 1869 1021 1952 quod
1042 1869 1141 1946 uides,
1164 1869 1264 1932 tribus
1287 1869 1377 1933 uobis

245 1977 466 2054 cpsomatdmst,
489 1991 533 2033 cn
554 1991 668 2053 opsono
689 1971 845 2053 aurplirts3
873 1969 960 2036 Pers.
986 1972 1024 2034 18
1046 1973 1131 2036 satire
1153 1994 1225 2055 ergo
1247 1993 1285 2036 ee
1306 1993 1376 2036 sm·

244 2075 350 2152 tentia,
385 2079 445 2138 cet.
478 2093 507 2136 v.
541 2073 687 2138 Lorenzii
717 2073 789 2138 adn.
818 2073 859 2136 ad
888 2071 981 2139 Most.
1012 2073 1074 2158 76).
1117 2074 1155 2139 Et
1189 2076 1375 2157 partitivum

244 2177 309 2242 virn
331 2177 463 2241 retinuit
484 2182 534 2238 sut
560 2194 690 2258 quoque
713 2194 786 2240 enm
810 2176 910 2240 verbo
933 2161 1049 2258 agendi
1073 2178 1281 2244 coniunctum
1304 2178 1377 2243 Ter.

244 2280 359 2344 Heaut.
382 2280 445 2372 225
467 2279 525 2340 etsi
546 2279 574 2340 is
596 2299 715 2362 quoque
735 2297 868 2340 suorum
889 2299 996 2340 rerum
1017 2282 1137 2362 satagit
1166 2280 1234 2364 (cir.
1257 2281 1376 2363 Ussing

245 2382 287 2447 ad
319 2382 437 2446 Bacch.
470 2382 544 2462 635,
578 2401 643 2464 quo
677 2382 749 2447 loco
783 2382 894 2448 nescio
929 2383 1014 2448 uude
1046 2384 1218 2449 lectionem
1247 2385 1378 2466 petierit

246 2483 398 2567 GeorgeS,
427 2503 527 2567 quam
548 2484 581 2548 in
607 2484 679 2549 Lex.
708 2486 761 2550 let.
783 2485 915 2568 prefert,
938 2487 1094 2567 satagitos
1117 2493 1280 2548 terrerum
1303 2494 1374 2550 tmo-

243 2609 331 2663 rum;
354 2587 454 2653 Goetz
478 2593 511 2652 et
533 2586 650 2670 Ussing
671 2589 777 2671 uqitos
798 2596 848 2652 sot
863 2596 927 2652 tute
941 2596 1070 2678 tuomum
1085 2611 1190 2652 rerum
1207 2590 1377 2674 scribunt).

243 2690 356 2773 lisque
384 2691 459 2755 hine
488 2691 610 2756 nullum
639 2692 707 2774 peti
732 2699 840 2774 potest
873 2699 1109 2774 argumentum,
1141 2713 1199 2757 cur
1220 2694 1307 2758 huuc
1329 2695 1376 2757 lo·

244 2813 319 2858 cnm
340 2793 523 2858 Plautinum
547 2812 620 2860 esse
642 2813 807 2878 negemus,
830 2796 905 2861 licet
927 2796 997 2860 aliis
1020 2796 1060 2862 de
1083 2796 1189 2860 causis
1206 2799 1379 2878 suspectus

244 2897 285 2962 sit
306 2895 374 2978 (cir.
396 2897 536 2978 Ussingii
558 2897 654 2982 adn).

346 2997 489 3066 adfatim.
533 2999 614 3066 Men.
642 3002 706 3066 457
737 3000 909 3083 adfatimst
941 3000 1117 3078 bornicum
1148 3001 1210 3066 Mil.
1232 3003 1297 3068 980
1318 3001 1379 3065 tibi

243 3103 433 3166 diuitiarum
465 3089 652 3186 odfctimst;
685 3103 761 3169 Cist.
791 3105 853 3168 238
887 3105 1022 3168 otiorum
1056 3106 1197 3188 offatim
1230 3112 1283 3183 est,
1319 3106 1377 3190 qui

238 3206 381 3288 foeiomt,
410 3213 470 3272 cet.

346 3307 496 3394 largiter.
539 3309 619 3373 Rue.
653 3309 733 3373 1188
763 3309 853 3372 credo
882 3330 937 3392 eqo
966 3311 1074 3393 edepol
1099 3312 1167 3374 illic
1195 3313 1296 3376 inesse
1323 3335 1378 3376 or-

242 3413 328 3494 genti
350 3419 378 3474 et
399 3413 475 3475 orrri
497 3413 645 3494 largitem
666 3411 759 3478 Truc.
783 3414 847 3479 903
871 3415 983 3476 ueteris
1006 3416 1077 3477 mirei
1100 3416 1233 3498 largiter
1253 3422 1288 3478 ut
1310 3416 1379 3480 dies

243 3522 405 3599 noctesque
420 3521 522 3598 potet·
544 3516 624 3581 llud.
649 3518 732 3582 1315
754 3517 888 3599 largiter·
910 3517 1058 3580 mercedis
1080 3517 1273 3600 indipiseor;

345 3633 469 3703 parum.
506 3618 624 3684 Baccln
647 3620 707 3683 671
728 3618 885 3700 fortassis
908 3625 942 3682 m
964 3620 1039 3682 aori
1061 3621 1222 3703 derepsisti
1239 3641 1379 3702 parterm

243 3719 340 3786 Merc.
363 3723 425 3786 692>
450 3741 609 3803 parumne
635 3721 692 3784 boc
715 3730 759 3784 est
779 3723 882 3785 molae
904 3723 959 3786 rei.
983 3759 1023 3769 -
1045 3722 1161 3788 Pseud.
1183 3725 1244 3788 477
1269 3724 1378 3804 edepol

243 3825 353 3886 merito
384 3844 448 3886 esse
480 3825 597 3886 iratum
626 3823 774 3902 arbitror,
809 3847 901 3910 quom
927 3827 1015 3908 opud
1041 3833 1069 3888 te
1085 3833 1224 3908 paruost
1245 3826 1378 3907 eifides

243 3927 342 3992 variis
375 3926 481 3992 modis
514 3927 676 3992 scribitur:
705 3936 844 4010 pomost
873 3930 902 3990 ei
923 3928 1010 4009 fides
1038 3927 1170 3994 Mueller
1201 3937 1232 3994 et
1264 3927 1377 4010 Goetz,

243 4029 431 4096 Fleckeisen
458 4037 607 4112 porumst
640 4031 669 4092 ei
689 4030 785 4113 fides,
819 4033 936 4114 Ussing
969 4050 1047 4096 vero
1080 4040 1136 4095 aut
1161 4031 1244 4112 fidei
1276 4032 1377 4096 scribi

244 4132 356 4198 maluit
378 4139 434 4198 aut
454 4131 532 4214 fide.
553 4145 555 4149 ’
577 4133 722 4199 Conferri
744 4141 852 4216 potest
874 4133 989 4216 Amph.
1011 4133 1075 4200 555
1097 4132 1201 4214 fucis,
1237 4135 1300 4196 tuis
1329 4135 1378 4197 uti

243 4237 333 4300 nullo
364 4236 452 4319 apud
473 4243 501 4298 te
514 4236 600 4317 fides
621 4238 679 4313 sit,·
711 4236 766 4302 ubi
800 4256 859 4318 pro
888 4236 1043 4302 librorum
1070 4236 1160 4298 oolla
1187 4236 1329 4318 Draeger
1352 4237 1376 4320 1,

243 4339 262 4423 ξ
287 4341 357 4420 199,
380 4341 537 4422 sparum
559 4340 670 4405 scribit
693 4347 725 4405 et
740 4340 826 4421 fides
849 4359 908 4422 pro
931 4340 1134 4404 nominativo
1156 4339 1264 4406 habet.
