3306 5060
1244 286 1302 350 131

319 486 414 552 aries.
458 486 576 552 Bacch.
606 484 669 550 242
699 504 789 570 9999
816 487 1350 572 99199999999919199199919

216 593 348 655 arietem
370 587 488 654 Phrixi
510 589 564 673 (de
586 590 747 654 sententia
769 609 797 654 v.
821 591 961 674 Ussingii
984 592 1178 678 comment).

320 687 400 756 ouis.
444 691 535 758 True.
569 691 630 756 657
668 708 745 755 uum
777 694 850 756 ouis
885 693 976 757 911199
1011 692 1076 757 hou
1113 695 1201 777 19999
1234 695 1352 760 absuut

217 796 355 875 9199179.

319 913 428 982 pecus,
472 894 586 962 Pseud.
620 897 684 961 834
719 895 796 960 9999
828 894 873 960 au
909 897 1050 978 Neptuui
1078 899 1216 980 pecudes
1247 901 1349 965 99991-

217 989 323 1047 99919
344 987 428 1046 suut.

320 1083 423 1171 petro.
467 1082 558 1166 Capt.
580 1084 638 1148 891
671 1103 778 1148 eorum
790 1083 815 1166 1)
843 1103 899 1166 999
920 1086 952 1148 si
977 1088 1013 1150 iu
1035 1088 1092 1150 919
1108 1091 1273 1167 petronem
1293 1109 1351 1169 99-

219 1188 301 1254 blicu
323 1204 520 1268 eouspeuero.

323 1289 439 1354 seroie.
484 1289 575 1371 Capt.
607 1290 669 1355 809
699 1309 805 1353 eorum
835 1292 866 1354 si
892 1309 946 1372 999
977 1292 1185 1374 quoiusquam
1211 1292 1352 1376 sussum

219 1394 254 1456 iu
272 1391 399 1472 publico
422 1411 619 1472 eouspeuero.

322 1495 403 1558 Tum
425 1495 592 1576 genetivus
614 1494 818 1578 possessivus
841 1494 979 1575 ponitur,
1010 1500 1045 1558 ut
1067 1496 1233 1578 significet,
1261 1499 1354 1562 cuius

220 1599 253 1662 in
276 1599 483 1680 possessione
506 1598 570 1660 sint
594 1614 652 1661 eae
674 1615 736 1675 ree,
768 1596 808 1661 de
831 1596 947 1679 quibus
970 1599 1087 1679 agitur;
1122 1599 1209 1682 quod
1237 1619 1353 1682 quam-

221 1719 319 1784 quam
347 1701 387 1765 de
414 1699 562 1782 personis
592 1699 722 1781 proprie
751 1699 875 1780 dieitur,
910 1706 1020 1765 tamen
1054 1719 1106 1766 res
1135 1702 1227 1785 ipsae
1259 1704 1353 1785 quasi

221 1803 425 1886 possidentes
448 1819 547 1884 saepe
568 1801 773 1868 inducuntur.

324 1903 429 1971 aedes.
470 1905 559 1970 Asin.
581 1906 645 1971 435
666 1924 765 1987 usque
787 1924 821 1968 99
843 1925 912 1969 esse
933 1923 1058 1970 seruum
1080 1908 1115 1970 iu
1137 1906 1268 1971 uectibus
1289 1909 1356 1987 9999

221 2009 313 2074 Most.
329 2028 395 2091 arg.
411 2012 431 2075 9
446 2009 583 2091 requirit
596 2027 676 2091 9999
690 2009 757 2072 siut
776 2009 833 2092 (so.
849 2009 975 2088 aedes):
997 2010 1046 2072 att
1065 2009 1169 2073 utct'uu'
1185 2012 1356 2090 99999199

221 2114 339 2178 Bueoh.
372 2114 435 2178 312
468 2115 546 2194 9999
577 2113 613 2176 iu
642 2129 736 2192 eapse
772 2112 848 2175 aede
884 2109 1038 2176 1199999
1075 2111 1282 2193 9999999919
1313 2115 1355 2179 ib.

222 2218 283 2282 901
318 2214 392 2280 utus
425 2213 506 2278 abiit
534 2213 643 2279 999991
671 2213 777 2278 uisere
809 2213 984 2278 Mineruae
992 2234 1005 2292 ,·
1037 2213 1129 2280 Cure.
1156 2217 1199 2282 39
1233 2215 1355 2282 leuouis

222 2318 298 2383 9999
319 2323 395 2381 suut
417 2317 531 2395 aecles;
564 2316 605 2380 ib.
628 2316 707 2395 4813
740 2315 838 2382 Poen.
863 2317 926 2381 190
952 2337 1006 2399 999
1029 2317 1064 2380 iu
1087 2317 1195 2381 oedem
1223 2317 1357 2384 Veneris

222 2441 274 2500 oo;
295 2421 336 2485 ib.
360 2423 432 2500 264,
455 2420 529 2499 318,
553 2420 626 2493 333,
650 2419 722 2498 339,
747 2419 819 2498 847,
847 2419 941 2498 11323
963 2417 1045 2485 Men.
1069 2420 1131 2483 816
1153 2419 1185 2484 si
1199 2440 1254 2502 999
1268 2422 1357 2484 iutra

223 2523 313 2588 aedis
335 2521 942 2605 99199999999999919999999991,·
967 2521 1029 2585 Mil.
1054 2521 1150 2598 12783
1177 2521 1270 2586 Most.
1293 2526 1356 2589 664

223 2628 292 2690 otus
323 2629 436 2689 emisse
462 2625 553 2688 aedis
579 2623 676 2687 huius
699 2624 803 2688 dicam
817 2623 944 2708 9111999·
974 2624 1091 2688 Bacch.
1113 2625 1176 2689 578
1199 2645 1279 2707 9999
1301 2625 1356 2689 hu

223 2749 304 2794 9999
326 2733 402 2792 suut
422 2727 525 2806 aedes,
546 2728 657 2807 99119·
677 2724 792 2792 Pseud.
814 2726 878 2792 469
894 2725 955 2808 suo
969 2727 1017 2790 sis
1031 2727 1174 2804 uou'uas,
1191 2724 1356 2806 Pseudolo,

224 2832 315 2895 aedis
337 2832 467 2895 aurium
489 2848 548 2912 pro
573 2829 747 2910 ,9111111119ιι
771 2829 895 2894 dieitur.

327 2929 477 3016 angulus.
512 2931 581 2998 Aul.
604 2933 668 2997 438
690 2934 784 3014 quiue
804 2931 938 3015 9999199
956 2931 1059 2996 999919
1074 2949 1216 2995 meorum
1232 2931 1359 2995 aedium

225 3041 255 3099 et
277 3037 474 3101 conpluuium
495 3033 576 3098 mitt
593 3035 746 3115 peruium
760 3034 889 3117 facitis.

327 3136 438 3203 91111111.
473 3135 566 3200 Most.
588 3138 653 3201 404
675 3137 796 3202 oluuem
814 3139 861 3200 mi
879 3136 1003 3201 toruus
1024 3134 1360 3201 999199399999999

227 3242 292 3305 ium
314 3240 385 3304 1999
407 3239 532 3322 ecferri.

328 3341 448 3408 domus.
491 3341 554 3406 Mil.
577 3361 643 3424 arg.
666 3341 688 3422 Ι,
721 3339 761 3404 14
788 3343 858 3422 ipse
887 3341 923 3405 iu
953 3342 1041 3405 99999
1069 3343 1158 3407 souis
1180 3341 1361 3423 9991199999

221 3465 345 3527 999999
364 3459 424 3527 pro
446 3443 568 3509 9991119
592 3445 659 3509 luit.

329 3548 425 3614 fores.
470 3548 531 3612 Mil.
560 3549 625 3612 410
651 3545 709 3611 sed
728 3545 820 3630 fores
845 3546 949 3610 uioiui
970 3547 1124 3626 presumi
1153 3551 1362 3627 9999999999·

230 3651 322 3718 Cure.
346 3654 383 3717 71
413 3672 474 3714 ara
510 3648 646 3715 Veueu's
675 3647 752 3714 9999
783 3654 832 3712 est
863 3653 937 3712 oute
970 3646 1090 3713 999999
1115 3647 1226 3730 foris;
1266 3647 1360 3713 Most.

232 3756 314 3822 1046
337 3756 462 3832 ostium,
485 3752 568 3837 quod
587 3754 624 3816 u'u
646 3752 849 3834 aupiportust
870 3750 978 3831 etus²)
1002 3749 1146 3832 patefeci
1164 3749 1259 3831 foris.

332 3856 439 3920 19111111.
476 3855 593 3920 Bacch.
608 3855 671 3920 368
686 3854 823 3935 paudite
838 3859 930 3937 atque
945 3855 1067 3936 aperite
1075 3873 1214 3934 9999999
1230 3855 1363 3918 1999991

231 3961 314 4025 huuc
339 3959 422 4024 uru.

335 4133 356 4198 ¹)
374 4144 465 4182 eorum
482 4127 562 4192 Brix3
581 4124 643 4180 libri
662 4141 729 4179 eum.

335 4219 356 4284 ²)
374 4215 432 4269 9999
449 4230 498 4282 pro
516 4214 647 4267 librorum
665 4210 738 4267 horti
755 4211 869 4264 Lorenz.
