3312 5060
1290 312 1440 418 ee'

247 559 465 625 omittentium
487 546 613 640 probat,
636 557 723 620 mille
745 557 809 624 hoc
832 558 905 622 loca
927 575 987 639 pro
1009 556 1169 622 adiectivo
1185 561 1376 638 usurpatum

247 681 320 730 esse
342 662 435 738 dieit-
456 661 598 742 Draeger
610 661 638 738 ¹)
660 661 846 740 genetivum
869 661 1003 722 nauium
1018 678 1057 726 ex
1072 660 1157 722 mille
1171 659 1375 724 substantive

246 766 389 850 pendere
410 769 502 847 putat
517 761 608 848 (item
623 762 748 828 Sebaaf
763 785 793 846 p.
816 763 885 848 13),-
907 763 995 828 Loch
1015 768 1124 828 autem
1143 761 1186 846 (p.
1210 763 1265 844 10)
1286 767 1375 827 utra-

247 887 310 953 que
332 867 493 934 sententia
511 867 634 932 reiecta
648 867 734 928 mille
748 867 881 929 nauium
897 866 1082 947 genetivum
1097 865 1286 948 quantitatis
1303 882 1376 930 asse

247 971 413 1038 contendit
435 987 474 1035 ex
496 989 625 1031 numero
648 968 851 1034 substantivo
873 968 1077 1051 pendentem.
1104 967 1154 1032 Ab
1180 968 1311 1034 Aubere
1331 968 1388 1037 sir

246 1072 336 1140 milia
357 1073 484 1190 exenia
506 1091 565 1154 pro
589 1073 795 1152 „genetiva
818 1073 1012 1155 partium“
1035 1071 1196 1138 habentur
1211 1069 1260 1156 (ut
1276 1071 1375 1136 elas-

246 1179 299 1242 sis
331 1181 597 1243 treeentarum
630 1175 813 1259 navium),
838 1175 880 1240 ab
903 1174 974 1240 aliis
1001 1176 1065 1240 alie
1090 1175 1188 1240 modo
1212 1174 1376 1256 explican-

245 1289 305 1347 tur.
320 1279 347 1365 ²)
391 1279 502 1362 ltaque
530 1279 670 1362 primum
698 1279 864 1362 quaeritur
891 1279 945 1343 ille
972 1279 1046 1344 loco
1074 1284 1181 1344 utrum
1209 1278 1296 1340 mille
1317 1297 1376 1361 pra

245 1383 458 1462 substantive,
492 1399 535 1445 an
568 1400 627 1463 pro
661 1381 823 1448 adieetivo
857 1380 1044 1446 habendum
1078 1381 1127 1445 sit.
1175 1381 1270 1461 Quod
1302 1399 1376 1444 cum

245 1487 332 1570 apud
360 1485 511 1551 Plautum
534 1503 663 1566 semper
685 1483 880 1548 substantivi
904 1501 1036 1550 munere
1059 1483 1219 1566 iungatur,
1248 1501 1290 1548 ne
1313 1483 1377 1547 bae

247 1590 377 1673 quidem
405 1590 477 1653 laea
505 1587 626 1667 dubito,
656 1586 733 1670 quin
756 1587 995 1652 substantivum
1017 1588 1114 1651 sitin
1136 1585 1378 1652 casuablativo

246 1693 398 1776 positum.
415 1692 441 1770 3)
486 1690 594 1770 Quare
622 1708 663 1755 ea
691 1691 775 1755 ratio
804 1689 903 1756 verba
931 1691 1155 1773 coniungendi,
1187 1709 1252 1773 qua
1278 1689 1378 1754 utitur

246 1794 345 1874 Loeh,
372 1794 479 1857 minus
500 1793 617 1874 placet,
646 1811 719 1857 enm
747 1813 926 1856 numerus
947 1795 1033 1856 mille
1055 1795 1187 1856 nauium
1211 1792 1303 1857 aliter
1324 1790 1377 1854 vix

246 1897 387 1979 intellegi
402 1895 514 1978 possit,
527 1895 589 1960 nisi
611 1896 639 1960 si
654 1896 739 1958 mille
754 1915 813 1978 pro
832 1896 993 1962 adiectivo
1008 1895 1146 1962 habetur
1165 1895 1232 1981 (cfr.
1247 1911 1377 1958 nume·

245 2020 313 2065 rus
349 2005 614 2064 trecentarum
646 1999 825 2083 navium).
870 2000 980 2082 ltaque
1010 2019 1051 2066 ne
1078 2005 1194 2067 eontra
1220 2003 1377 2064 constan-

244 2109 311 2169 tem
334 2121 428 2166 usum
452 2099 635 2166 Plautinum
664 2102 749 2164 mille
779 2121 837 2183 pro
865 2102 1025 2167 adieetivo
1051 2101 1242 2182 habeamus
1264 2100 1377 2166 viden-

245 2211 297 2270 tur
328 2225 457 2267 itanum
484 2210 516 2269 et
545 2205 631 2267 mille
660 2205 706 2269 ita
735 2207 963 2287 coniungenda
993 2223 1075 2287 esse,
1104 2213 1139 2270 ut
1168 2205 1305 2271 alterum
1333 2204 1377 2269 al-

244 2310 307 2374 teri
343 2307 488 2372 attributi
519 2307 592 2372 laea
626 2307 793 2374 tribuatur.
813 2307 840 2392 ⁴)
874 2307 1048 2374 Genetivus
1083 2310 1216 2371 nauium
1249 2308 1377 2391 quanti·

245 2411 323 2476 tatis
356 2411 499 2492 speeiem
531 2427 610 2492 prae
644 2427 680 2474 se
713 2408 783 2490 fert,
814 2411 841 2474 si
868 2411 910 2475 ad
937 2431 1066 2474 numero
1098 2411 1243 2492 refertur,
1277 2411 1377 2494 parti-

246 2515 313 2594 tivi,
337 2513 364 2577 si
387 2532 461 2578 eum
483 2513 569 2575 mille
592 2512 805 2594 coniungitur.
850 2514 969 2579 Verum
997 2521 1151 2596 praestat,
1179 2516 1287 2595 ereda,
1317 2513 1376 2577 ab·

244 2617 378 2682 lativum
405 2635 535 2678 numero
561 2635 620 2698 pro
644 2615 784 2680 ablativo
813 2623 980 2700 respectus
1008 2618 1063 2701 qui
1085 2624 1221 2682 vocatur
1242 2617 1381 2697 habere3

246 2737 331 2803 quae
357 2718 510 2801 loquendi
539 2719 740 2785 consuetudo
769 2720 855 2802 apud
883 2720 965 2784 alios
996 2721 1171 2803 scriptores
1198 2721 1277 2785 satis
1299 2726 1378 2786 nota

247 2829 295 2890 est
317 2823 385 2908 (eir.
409 2823 494 2906 apud
517 2822 747 2889 Sallustium
764 2823 790 2909 ⁵)
818 2825 852 2889 Β.
881 2825 908 2892 J.
936 2823 1013 2908 Cap.
1046 2826 1088 2890 53
1118 2827 1137 2909 ξ
1169 2828 1190 2890 4
1222 2823 1379 2908 elephanti

247 2933 395 3010 quattuor
427 2927 521 3008 eapti,
555 2927 671 3010 reliqui
697 2947 809 3004 omnes,
837 2948 990 2992 numero
1023 2929 1304 3012 quadruplata,
1329 2929 1377 2990 in-

247 3030 389 3112 terfecti,·
425 3029 468 3094 ib.
500 3031 552 3110 93,
588 3031 607 3094 8
640 3031 747 3112 itaque
782 3051 820 3094 eu
853 3031 944 3114 copia
976 3031 1151 3094 tubicinum
1183 3039 1211 3094 et
1241 3033 1377 3095 cornici-

246 3153 323 3195 num
349 3151 477 3194 numero
498 3133 634 3215 quinque
661 3153 755 3215 quam
776 3134 995 3197 uelocissumos
1016 3134 1139 3217 delepit,
1163 3134 1244 3220 cet.)
1279 3133 1377 3200 Stich.

247 3235 309 3301 587
345 3233 423 3296 milti
456 3225 646 3296 medimnum
677 3235 763 3298 mille
796 3256 860 3298 esse
891 3237 1016 3319 arpenti
1044 3239 1155 3314 uelim·
1186 3237 1283 3303 Mero.
1315 3239 1375 3303 491

246 3337 332 3400 mille
368 3357 530 3398 nummum
562 3337 639 3419 plus
671 3357 766 3420 quam
794 3345 916 3420 poscet;
947 3339 1030 3404 Rud.
1066 3341 1147 3405 1327
1181 3342 1266 3403 mille
1298 3339 1377 3402 dabo

246 3460 408 3502 nummum
424 3439 468 3521 ⁶),
506 3438 547 3504 ib.
590 3441 671 3521 1406
710 3440 796 3502 mille
835 3461 996 3504 nummum
1033 3443 1236 3506 dinumerasti
1243 3465 1252 3519 ,·
1294 3442 1377 3506 Trin.

247 3543 310 3608 954
343 3543 398 3624 qui
427 3542 471 3604 mi
499 3542 589 3626 mille¹
611 3561 773 3604 nummum
803 3544 939 3606 erederet
965 3543 1170 3628 Philippum
1196 3545 1238 3611 ib.
1263 3545 1326 3610 959
1348 3545 1379 3606 ei

349 3714 370 3779 ¹)
387 3711 459 3765 Hist.
477 3713 551 3780 Synt.
572 3712 593 3777 1,
612 3712 628 3782 ξ
647 3713 689 3766 57.

349 3797 371 3864 ²)
388 3797 502 3852 Auber
520 3797 607 3851 Beitr.
626 3814 676 3851 zur
693 3799 755 3853 Lat.
774 3797 893 3852 Gramm.
913 3816 938 3866 p.
956 3801 990 3852 43
1008 3816 1049 3867 sq.

350 3881 374 3951 ⁸)
392 3882 434 3935 De
457 3881 509 3935 hac
536 3882 650 3936 ablativi
677 3883 766 3937 farma
793 3900 816 3937 v.
842 3883 977 3938 Bticheler
1001 3885 1034 3938 de
1061 3884 1127 3940 deul.
1146 3902 1171 3952 p.
1190 3884 1240 3938 161
1259 3889 1286 3938 et
1305 3883 1378 3938 infra

248 3967 321 4020 Trin.
341 3967 392 4020 959
409 3965 456 4020 illo
473 3965 546 4021 mille
562 3984 711 4022 nummum.

352 4055 372 4120 ⁴)
398 4052 454 4107 cfr.
485 4053 631 4107 Suecorum
660 4053 816 4108 tusental
846 4055 1119 4126 (Tausendzahl),
1141 4057 1212 4123 quod
1240 4058 1268 4109 in
1295 4072 1377 4110 unum

248 4137 408 4192 vocabulum
427 4138 534 4193 coaluit.

350 4223 372 4291 ὅ)
389 4221 482 4278 Editio
500 4224 526 4278 J.
537 4219 579 4278 Ἠ.
596 4223 744 4278 Schmalzii
762 4241 785 4278 a
807 4225 882 4277 1883.

351 4309 373 4376 ι)
389 4323 529 4362 nummum
546 4310 584 4377 B;
602 4323 726 4363 nummos
744 4308 820 4373 GFZ,
840 4323 919 4375 quam
938 4309 1080 4363 lectionem
1099 4313 1201 4379 recepit
1219 4312 1326 4380 Ussing.
