3312 5060
332 281 373 346 74

284 467 418 534 terenda
441 474 533 536 sunt:
556 468 670 536 Pseud.
698 470 739 535 37
762 475 844 532 otte
865 468 901 534 di
922 469 1064 554 deaeque,
1088 458 1331 554 quantumst-
1353 489 1417 532 ser-

284 572 410 634 uassent
431 572 573 654 quidem;
595 572 665 637 Aul.
690 573 752 638 785
774 580 810 634 ut
832 573 924 636 dium
945 574 981 636 di
1002 575 1184 638 insinuato
1205 594 1308 638 omnes
1328 573 1417 636 deae-

284 694 343 757 que
365 681 547 758 quantumst
555 674 711 758 perduint
719 697 728 752 ,·
750 674 865 740 Pseud.
881 676 945 740 535
958 696 1022 739 uon
1037 697 1136 739 uuum
1151 678 1185 740 e'u
1199 677 1292 754 dieu,
1307 696 1418 740 uerum

284 775 386 839 hercle
407 778 442 838 iu
464 777 566 840 omnis
580 785 762 860 quantumst
777 776 837 861 (so.
850 799 898 840 me
912 779 947 840 in
956 780 1134 862 pistrinum
1149 778 1278 864 condas)
1291 777 1317 865 ¹)
1322 797 1333 856 ;
1348 779 1418 862 qui·

285 877 347 944 bus
370 879 446 944 addi
469 886 576 962 potest
599 880 669 946 Ter.
691 879 821 945 Phorm.
850 881 912 945 853
939 902 956 944 0
986 882 1132 959 omnisne,
1161 885 1344 966 quantumst
1364 881 1419 965 qui

285 983 408 1062 uiuent,
421 981 583 1046 domiuum
596 981 685 1045 Ιιοφηο
701 984 911 1046 eruatissume
923 981 1060 1068 (Lorenz
1073 984 1114 1049 ad
1125 984 1239 1050 Pseud.
1251 983 1338 1068 339).
1361 984 1418 1048 His

284 1086 440 1167 exemplis
467 1085 572 1151 allatis
602 1086 682 1150 sotis
713 1104 872 1168 apparere
902 1105 1031 1167 censue,
1060 1093 1212 1171 quantum
1234 1087 1298 1152 hoc
1321 1105 1419 1153 sensu

285 1188 356 1254 sine
377 1189 529 1270 genetivo
552 1194 583 1254 el
606 1189 756 1272 usurpari
779 1194 812 1254 et
834 1189 974 1271 intellegi
996 1208 1103 1272 posse,
1119 1208 1225 1272 neque
1242 1190 1419 1274 quidquem

285 1309 406 1356 causae
434 1309 507 1356 esse
536 1310 593 1356 cur
622 1310 754 1356 eorum
783 1310 986 1375 eorumque
1014 1311 1054 1356 ex
1082 1291 1230 1359 Lorenzii
1257 1293 1418 1358 sententia

286 1392 414 1476 (Pseud.
426 1392 480 1480 35)
497 1394 676 1478 supplenda
692 1413 765 1460 esse
779 1401 970 1460 statuamus.
1003 1395 1115 1478 ltaque
1130 1397 1164 1460 in
1179 1396 1239 1460 illis
1254 1395 1417 1478 exemplis

285 1514 370 1579 quae
391 1497 521 1578 proprie
544 1503 732 1578 tractamus,
756 1503 909 1581 quantum
930 1505 983 1579 est,
1007 1503 1160 1581 quantum
1174 1504 1292 1560 terram
1306 1497 1416 1580 tetipit²

285 1604 439 1681 quantum
468 1605 554 1662 tura
576 1600 710 1662 sustinet
732 1598 871 1666 conferri
895 1600 1038 1683 quodam
1059 1600 1159 1665 modo
1181 1608 1318 1683 possunt
1344 1618 1417 1664 oum

285 1722 347 1764 uuo
370 1702 576 1783 superlativo,
599 1703 684 1768 unde
706 1703 827 1784 pendet
848 1703 1027 1785 genetivus
1051 1704 1170 1770 addito,

388 1801 534 1887 Denique
557 1805 620 1869 huc
644 1804 804 1870 referendi
828 1815 903 1869 sunt
926 1806 990 1870 duo
1003 1801 1156 1888 'genetivi
1177 1807 1232 1889 qui
1255 1825 1294 1870 ex
1310 1805 1417 1869 adiee-

285 1907 425 1972 tivorum
455 1907 600 1989 positivis
630 1910 827 1990 superlativa
854 1910 996 1992 quadani
1026 1910 1058 1975 vi
1092 1909 1246 1994 praeditis
1269 1909 1418 1993 pendent.

286 2008 401 2091 Amph.
425 2010 488 2074 204
510 2009 625 2093 delepit
647 2012 735 2072 uiros
752 2012 931 2094 putidorum
948 2013 1114 2095 principes
1121 2035 1130 2088 ;
1154 2013 1237 2077 Trin.
1263 2013 1345 2076 1115
1367 2012 1418 2076 hie

285 2111 404 2175 homost
435 2112 595 2175 homiuum
628 2115 767 2176 omnium
789 2116 990 2196 praecipuos.
1013 2153 1054 2161 —
1078 2115 1124 2182 De
1154 2114 1316 2180 adverbiis
1346 2116 1417 2199 qui-

287 2213 426 2278 busdam
455 2216 642 2296 superlativi
671 2215 776 2282 torma
798 2224 829 2281 et
851 2217 984 2283 notione
1006 2219 1170 2284 instructis
1192 2239 1220 2282 v.
1243 2237 1341 2302 supra
1362 2237 1418 2300 ge·

286 2323 350 2384 net.
373 2319 509 2400 quantit.

388 2419 445 2483 His
473 2419 681 2486 subiunctum
703 2423 800 2488 velim
823 2423 915 2506 Cept.
938 2425 1001 2488 825
1024 2445 1086 2486 nou
1108 2443 1163 2507 epo
1185 2445 1269 2487 nuuc
1285 2426 1418 2507 parast-

271 2528 335 2589 .tus
361 2542 440 2602 sum,
468 2523 523 2587 sed
543 2545 653 2607 nepum
675 2546 732 2589 ren
753 2527 909 2609 repudium
931 2545 1028 2609 quem
1051 2546 1117 2592 non
1139 2545 1212 2594 esse
1234 2527 1418 2610 genetivum

285 2627 551 2708 comparationis,
565 2627 622 2692 sed
639 2629 919 2710 „comparativum
936 2648 997 2711 pro
1013 2630 1210 2711 superlativo
1225 2631 1311 2712 poni,
1326 2631 1419 2714 quasi

285 2729 328 2792 sit
352 2747 466 2811 regum
489 2731 634 2795 omnium
665 2731 728 2796 hoc
756 2733 889 2797 nomine
911 2721 1152 2815 dignissimus“‚
1182 2740 1271 2799 recte
1293 2734 1419 2800 monuit

285 2831 402 2913 Ussing
414 2831 449 2916 ²).

388 2933 560 2999 Postremo
583 2935 656 3000 loco
685 2955 746 3018 pro
769 2936 926 3018 genetiuis
948 2937 1106 3019 partitivis
1128 2937 1269 3003 habendi
1285 2957 1357 3004 esse
1370 2939 1419 3002 vi·

285 3036 402 3100 dentur
432 3037 478 3100 hi:
509 3036 604 3102 Mero.
633 3039 696 3103 608
728 3038 771 3101 od
800 3040 907 3121 capitu
937 3060 1045 3102 rerum
1066 3043 1220 3122 peruuei;
1241 3041 1333 3107 Truo.
1356 3041 1419 3106 790

286 3138 393 3220 capita
421 3158 529 3201 rerum
556 3141 602 3202 mi
623 3141 781 3222 expeditu
804 3142 859 3224 qui
881 3148 992 3208 temen
1015 3143 1057 3208 ad
1080 3143 1321 3208 similitudinem
1342 3162 1419 3225 pos·

288 3241 486 3306 sessivorum
509 3261 610 3326 prope
633 3245 801 3309 accedunt.
884 3241 886 3246 ’

388 3430 409 3495 ¹)
437 3427 491 3482 Cir.
516 3429 598 3483 etiam
621 3430 702 3498 Epid.
726 3432 776 3484 213
802 3433 862 3485 tum
878 3431 1052 3486 meretricum
1070 3447 1199 3486 numme
1217 3434 1317 3497 tonus
1334 3446 1418 3501 pun·

289 3515 347 3567 tum
365 3512 397 3567 in
413 3511 478 3568 urbe
495 3512 570 3568 omni
585 3514 652 3584 suit,
671 3514 778 3570 obuiam
795 3515 975 3570 renuebant.

388 3599 410 3668 ²)
439 3598 495 3652 Cir.
522 3601 604 3654 etiam
642 3600 699 3654 Ed
730 3600 895 3655 Wolfflin
922 3604 951 3655 in
978 3602 1100 3656 Archivo
1131 3601 1335 3658 Woelffliniano
1368 3603 1419 3656 VH

288 3700 316 3752 p.
331 3685 390 3738 118.
