3312 5060
1274 341 1316 406 te

225 562 432 641 praecedenti
463 562 516 627 hio
549 563 798 646 intellegendum
834 561 895 646 est)
923 563 1000 627 nihil
1030 563 1080 642 sit,
1108 563 1160 628 vel
1186 567 1274 628 certe
1295 563 1359 626 hoo

225 663 298 728 loeo
337 664 525 731 absurdum.
579 667 691 751 Neque
723 674 835 734 tamen
867 668 979 749 negari
1012 671 1120 748 potest
1156 665 1358 748 superlativis

226 764 373 832 ellectum
403 788 485 851 esse,
513 776 549 834 ut
575 771 744 853 genetivus
771 771 986 850 adhiberetur,
1017 787 1129 834 verum
1161 788 1236 833 oum
1257 767 1357 833 verbo

225 869 387 938 artissime
415 874 612 939 coniunctis:
638 875 826 958 plurumum
854 893 972 950 umore,
1002 871 1153 934 honorem
1176 891 1358 935 maxumum

224 969 345 1041 tabere.
388 975 500 1060 ltaque
522 979 720 1060 superlativo
742 977 950 1061 significatur,
979 975 1120 1058 aliquem
1151 991 1191 1039 ex
1221 992 1357 1040 numero

224 1075 366 1158 quodam
389 1080 527 1145 aetionis
549 1081 753 1163 potissimum
777 1086 968 1162 compotem
990 1096 1075 1159 esse;
1099 1077 1186 1161 quod
1207 1096 1281 1141 oum
1301 1083 1358 1143 aut

224 1177 264 1243 de
293 1180 439 1247 subiecto
469 1189 525 1248 aut
555 1183 595 1248 de
622 1184 752 1251 obiecto
784 1183 925 1266 intellegi
948 1189 1063 1267 potest,
1089 1181 1260 1246 diversitas
1282 1199 1356 1245 sen·

224 1283 344 1349 tentiae
376 1285 458 1351 haee
491 1285 559 1352 fere
592 1287 706 1352 oritur:
736 1306 789 1352 me
819 1287 965 1352 omnium
997 1285 1165 1350 homiuum
1195 1302 1357 1348 summam

157 1381 159 1384 ’
225 1402 297 1452 esse
326 1389 517 1455 amatricem
548 1390 626 1470 eius,
650 1390 737 1455 illum
761 1390 907 1455 omnium
929 1389 1097 1454 homiuum
1121 1387 1357 1451 amatissimum

225 1506 297 1554 esse
318 1491 396 1554 mihi
419 1491 453 1577 (a
475 1493 549 1576 me).
582 1492 630 1558 Ao
645 1492 792 1576 prolecto
809 1492 1006 1574 ambiguitas
1031 1490 1191 1574 quaedam
1209 1488 1357 1554 animad-

224 1593 380 1658 vertenda
408 1602 470 1676 est;
493 1614 551 1679 per
573 1615 608 1662 se
631 1597 719 1662 enim
741 1596 922 1678 siguificare
944 1600 1080 1678 possunt
1097 1594 1161 1658 duo
1176 1593 1231 1656 illa
1246 1610 1356 1658 exem-

223 1695 277 1779 pla
309 1704 378 1761 aut:
413 1717 474 1780 ego
508 1704 637 1782 praeter
667 1706 805 1779 eeteros,
836 1700 856 1762 i.
887 1717 913 1765 e.
945 1698 1047 1780 magis
1088 1715 1186 1780 quam
1229 1700 1356 1760 eeteros

224 1797 310 1862 illum
341 1818 432 1865 erum
455 1808 548 1866 tuum
572 1821 647 1866 amo
671 1808 702 1866 et
726 1802 808 1882 eolo,
832 1809 900 1866 aut:
923 1819 984 1883 ego
1006 1801 1111 1882 magis
1135 1818 1233 1882 quam
1257 1797 1356 1863 ceteri

226 1901 380 1982 (ceterae)
403 1923 479 1969 amo
505 1910 564 1970 cet.
596 1905 642 1968 Ex
664 1923 750 1969 nexu
772 1905 1005 1969 sententiarum
1028 1909 1126 1985 atque
1149 1901 1261 1966 ordine
1283 1917 1356 1966 ver-

223 2002 337 2069 borum
363 2005 439 2069 illud
463 2006 712 2089 praeferendum
736 2026 807 2073 esse
831 2007 1034 2073 coniecerim.
1173 2021 1177 2027 ·

324 2127 454 2185 Prorsus
483 2129 579 2187 simila
607 2138 704 2188 exstat
727 2131 896 2205 exemplum
918 2129 1041 2187 ablativi
1064 2147 1133 2185 cum
1157 2145 1194 2186 aar
1209 2125 1356 2204 praeposi·

221 2210 303 2270 tione
332 2215 484 2271 eoniunoti
513 2215 602 2279 Most,
632 2215 694 2274 337
718 2215 764 2273 illi
785 2233 834 2288 eqo
856 2233 893 2272 em
915 2215 1045 2273 omuibus
1067 2219 1180 2288 optume
1200 2213 1283 2284 uolo,·
1304 2211 1357 2269 ubi

222 2298 311 2356 etiam
335 2300 430 2375 magis
463 2309 506 2356 est
535 2311 682 2375 apertum,
711 2297 872 2358 ablativum
901 2302 937 2357 ad
964 2301 1134 2358 adverbium
1166 2319 1218 2374 per
1239 2318 1270 2356 se
1293 2315 1356 2356 non

223 2402 285 2442 esse
314 2384 512 2460 referendum,
541 2404 608 2442 oum
640 2389 753 2460 optuma
780 2404 816 2444 ex
847 2386 977 2444 omuibus
1001 2387 1051 2462 (so.
1074 2384 1261 2462 bominibus)
1284 2382 1356 2458 quid

223 2469 280 2528 sibi
306 2471 384 2545 velit,
418 2472 540 2529 omnino
570 2490 630 2528 non
660 2471 857 2548 intellegatur·
902 2469 1092 2547 Superlativo
1114 2489 1185 2529 vero
1208 2470 1356 2545 signifiea-

222 2564 280 2631 tur,
304 2557 432 2632 aliquem
455 2576 493 2616 ex
514 2576 641 2616 numero
665 2558 802 2615 omnium
824 2557 981 2634 praecipue
1003 2556 1137 2632 spectari.

324 2674 384 2738 Hie
407 2673 696 2740 commemoranda
719 2675 866 2740 videntur
888 2674 1041 2739 nonnulla
1062 2672 1220 2753 exempla,
1235 2671 1268 2735 in
1284 2670 1355 2753 qui-

222 2773 283 2840 bus
307 2783 437 2858 praeter
458 2777 688 2861 superlativum
714 2797 788 2842 eum
813 2777 963 2858 genetivo
984 2776 1144 2841 artissime
1167 2773 1354 2855 copulatum

222 2895 295 2945 esse
325 2879 453 2944 videtur
484 2887 652 2963 quamtum,
682 2880 798 2964 quibus
828 2882 861 2944 in
892 2879 1043 2959 omnibus
1065 2878 1236 2961 genetivus
1257 2875 1356 2939 bomi-

222 2999 303 3046 uum
325 2984 462 3064 ponitur.
498 2982 588 3065 Capt.
612 2983 675 3050 836
698 2989 884 3066 quantumst
905 2982 1069 3046 domiuum
1086 2988 1217 3064 optume,
1233 2978 1269 3042 iu
1284 2985 1357 3041 tem·

217 3103 296 3166 pore
327 3104 415 3167 eopse
445 3085 596 3162 oduem's3
625 3086 706 3150 Rud.
739 3088 801 3152 506
829 3087 880 3149 eoi
902 3107 918 3148 o
934 3086 1022 3168 fauo
1043 3091 1155 3148 uotum
1176 3086 1358 3166 putandumst

222 3185 384 3252 hominum
411 3189 680 3270 soorilaqa'ssumm
702 3188 800 3253 Poeu.
822 3188 902 3271 prol.
925 3190 968 3254 90
989 3188 1110 3252 homiui
1126 3234 1155 3250 ..
1172 3235 1188 3263 .‚
1205 3191 1358 3269 quomam

222 3288 382 3352 homiuum
411 3297 497 3353 terro
519 3291 653 3354 sustinet
674 3310 869 3366 socerrumo,·
899 3289 1015 3356 Pseud.
1037 3291 1098 3355 351
1122 3295 1275 3372 quantum
1296 3293 1357 3350 ter·

222 3381 293 3454 rom
329 3393 431 3475 tatiqit
467 3392 628 3456 dommum
661 3393 904 3474 periurissume.
960 3391 1080 3457 Verum
1108 3410 1181 3456 oum
1205 3395 1358 3473 quamtum

222 3511 243 3558 a
268 3492 383 3560 Plauto
406 3496 536 3578 saepius
558 3514 632 3560 oum
655 3495 805 3578 genetivo
828 3494 1043 3576 coniungatur
1065 3493 1107 3579 (v.
1131 3513 1229 3576 supra
1252 3500 1356 3576 genet

223 3597 380 3681 quantit),
393 3598 496 3678 magis
511 3616 551 3663 ex
566 3604 726 3681 quantum,
744 3616 843 3680 quam
858 3614 898 3663 ex
914 3596 1118 3678 superlativis
1134 3595 1245 3661 neseio
1262 3613 1304 3659 an
1323 3594 1357 3657 hi

221 3700 361 3780 genetivi
387 3700 528 3782 pendere
555 3701 690 3782 putandi
718 3702 790 3765 sint.
834 3700 946 3782 ltaque
974 3698 1062 3763 Looh
1092 3699 1135 3783 (p.
1159 3697 1212 3782 14)
1235 3698 1356 3763 Loren-

222 3803 308 3867 zium
330 3802 387 3889 (ad
409 3803 524 3869 Pseud.
550 3803 622 3890 164)
646 3809 778 3870 secutus
802 3810 835 3870 et
856 3803 1041 3886 genetivum
1064 3801 1107 3866 ad
1129 3808 1281 3884 quantum
1304 3819 1356 3865 re·

222 3902 329 3971 ferens
358 3906 445 3972 idem
473 3906 655 3989 significare
685 3907 730 3971 ait
758 3924 798 3971 ao
826 3904 984 3989 quidquid
1006 3922 1081 3968 oum
1103 3904 1264 3986 genetivo,
1287 3903 1356 3968 sive

222 4013 378 4091 quotquot,
408 4008 495 4091 quod
521 4027 654 4090 prorsus
685 4009 834 4091 congruit
863 4026 937 4072 oum
961 4006 1088 4071 dioendi
1110 4023 1229 4088 genere
1251 4004 1357 4070 Plauti

222 4111 413 4192 saepissime
444 4109 581 4176 relativa
607 4111 802 4194 pronomina
830 4110 960 4174 liberius
990 4108 1199 4174 adnectentis.
1243 4107 1356 4190 Neque

222 4217 333 4278 tamen
354 4212 523 4295 genetivus
539 4230 559 4276 a
574 4213 772 4294 superlativo
793 4231 926 4295 prorsus
942 4211 1161 4293 segregandus
1177 4216 1234 4274 est.
1268 4209 1355 4274 Cou-
