3306 5060
1259 335 1318 398 143

335 547 433 611 sinus.
478 542 576 612 Stich.
599 545 660 610 591
684 545 718 633 io
740 548 814 606 'sima
838 545 962 609 tamicae
984 543 1067 607 milii
1089 551 1140 608 ost.

335 643 467 732 syllaba.
512 649 600 732 Epid.
625 639 687 712 123
710 648 807 729 prims
836 665 929 730 qaam
959 648 1084 729 aroaldi
1100 647 1200 729 fitero
1223 646 1363 708 elocutus

232 754 261 815 ei
278 759 470 835 postremam
491 749 657 834 syllabam.

333 852 516 938 uestigium.
566 851 642 917 cist.
681 853 745 918 530
781 851 840 914 hac
876 853 957 916 socci
992 853 1083 915 aldea
1120 852 1290 933 mestiqimm
1325 852 1360 912 im

225 958 370 1038 malatera

332 1058 497 1124 Permulta
526 1057 739 1138 substantiva,
769 1057 885 1140 quibus
908 1058 1047 1140 qualitas
1070 1057 1230 1140 quaedam
1255 1056 1361 1136 expri-

230 1162 336 1241 mitur,
360 1161 543 1242 genetivum
570 1161 789 1242 possessivum
813 1159 1008 1240 adsciscunt,
1031 1165 1067 1223 ut
1088 1158 1192 1241 qualis
1216 1157 1287 1240 quis
1310 1158 1360 1222 vel

230 1264 306 1346 quid
330 1265 370 1328 sit
393 1264 545 1328 indicent.
590 1263 751 1327 Nonnulla
780 1263 965 1327 huiusmodi
993 1262 1196 1326 substantiva
1219 1276 1293 1324 cum
1317 1259 1362 1324 si-

228 1367 295 1430 mul
317 1367 480 1434 verbalem
501 1365 668 1432 notionem
684 1367 715 1430 in
733 1383 769 1431 se
784 1367 983 1446 contineant,
1007 1363 1247 1429 similitudinem
1262 1379 1361 1444 gene·

227 1470 284 1534 tivi
308 1469 473 1534 subiectivi
497 1470 573 1533 huic
595 1469 745 1550 genetivo
768 1468 925 1534 adierunt.
1316 1536 1318 1540 .

331 1569 425 1636 acics.
475 1563 562 1652 Epid.
599 1572 660 1635 547
700 1573 860 1635 orationis
898 1572 999 1633 aciem
1035 1577 1146 1632 contra
1181 1567 1362 1647 conferam5

227 1673 288 1737 Mil.
317 1674 506 1762 deoaselrta
543 1692 641 1735 mama
670 1676 901 1755 praestrimqat
930 1673 1094 1738 oculorum
1119 1672 1235 1747 acicam·
1268 1669 1361 1734 Truc.

226 1775 338 1860 4921).
919 1784 920 1787 ’

329 1877 484 1945 albitudo.
529 1877 613 1943 Trin.
642 1879 704 1943 873
732 1878 870 1940 aiterum
899 1879 944 1940 ad
974 1879 1079 1942 istanc
1103 1877 1221 1960 capitis
1244 1874 1361 1939 albitu-

225 1982 331 2048 diaem
356 1983 414 2065 (sc.
439 1982 586 2064 quaero).

328 2083 479 2150 amicitia.
523 2083 607 2148 Tria.
631 2085 691 2148 737
708 2083 825 2163 facere
848 2082 884 2145 id
907 2084 975 2146 eius
999 2083 1036 2146 ob
1053 2082 1230 2146 amicitiam
1242 2081 1362 2162 patris.

328 2186 515 2252 amoenitas.
537 2185 599 2252 Mil.
621 2187 704 2251 1172
717 2183 851 2266 formae
863 2186 1091 2249 amoenitatem
1113 2184 1205 2248 iiiios
1218 2233 1224 2248 .
1237 2231 1263 2247 ..
1288 2201 1362 2244 aon-

226 2287 381 2368 laudato;
403 2289 501 2354 Stich.
525 2289 587 2352 278
620 2289 832 2351 amoenitates
860 2290 1003 2350 ommium
1035 2303 1189 2351 ueneram
1212 2294 1242 2350 et
1265 2304 1365 2347 aeau-

229 2397 350 2452 siatmm
373 2391 502 2471 adfero.

331 2491 477 2557 audacia.
521 2493 604 2558 Men.
638 2494 700 2557 713
729 2511 746 2555 ο
777 2490 915 2560 homimis
949 2491 1155 2574 inpudentem
1189 2489 1362 2552 audaciam

229 2593 269 2679 (v.
293 2597 465 2676 auaritia).

330 2696 480 2762 auaritia.
524 2698 638 2763 Pseud.
672 2699 735 2763 802
770 2695 935 2759 homimum
970 2694 1119 2756 amaritia
1145 2691 1262 2773 factas
1290 2711 1362 2755 sam

228 2800 423 2882 improbior;
446 2800 537 2885 Capi.
561 2801 623 2866 287
647 2802 743 2864 immo
766 2798 879 2880 edepol
896 2803 1035 2881 propter
1058 2796 1239 2859 auaritiam
1258 2795 1363 2877 ipsius

228 2909 324 2985 atquo
346 2904 530 2967 audaciam.
1441 2895 1446 2902 ’

329 3004 523 3091 benignitas
553 3002 744 3091 prothymia
789 3004 850 3069 Mil.
878 3004 942 3070 634
972 3023 1047 3066 nam
1081 3001 1264 3084 beniqnitas
1292 2999 1361 3083 qui·

228 3107 298 3170 dem
332 3105 430 3170 haias
464 3109 582 3189 oppido
617 3107 902 3182 adolescentulam
934 3103 1034 3170 Stich.
1072 3105 1115 3169 50
1147 3101 1232 3166 midi
1263 3108 1362 3184 orata

227 3215 419 3292 aoaeptaqme
451 3208 563 3272 huiusi
593 3207 795 3290 homoquidam
815 3205 914 3273 Stich.
937 3209 1000 3274 636
1024 3207 1239 3290 boniqmitales
1262 3203 1364 3268 loma·-

228 3332 303 3375 aum
328 3320 363 3375 at
381 3314 512 3395 periere
535 3318 563 3374 et
583 3309 799 3393 protlymiaa.

329 3412 466 3480 bonitas
511 3412 601 3496 Capi.
633 3405 695 3478 245
721 3431 784 3493 per
813 3412 875 3474 mei
905 3417 934 3473 te
956 3431 1040 3494 erqo.
1058 3409 1232 3474 bonitatem
1252 3410 1364 3491 patris

227 3517 282 3603 (sc.
306 3525 339 3584 ta
362 3515 443 3601 oro).

329 3618 458 3687 candor.
478 3618 559 3684 Men.
575 3616 634 3682 181
648 3617 737 3680 satia
751 3621 786 3678 ut
797 3621 994 3680 occaecatust
1010 3634 1095 3698 prae
1112 3613 1209 3677 haias
1220 3609 1365 3694 comatis

227 3723 435 3788 candoribus.

330 3821 482 3907 dignitas
526 3822 644 3887 Bacch.
673 3822 731 3885 131
761 3822 843 3884 sotis
871 3825 908 3882 at
936 3819 1096 3882 acommoda
1113 3837 1177 3900 pro
1201 3817 1364 3900 diqaitaie

227 3927 339 4006 opuoti
361 3925 437 3987 laec
459 3931 607 3988 concuret
630 3940 754 4008 coquos.

329 4166 349 4231 ¹)
366 4165 445 4216 Truc.
463 4165 513 4216 406
531 4179 598 4232 qaae
614 4163 699 4233 marqi
711 4162 796 4216 aciem
813 4162 843 4214 im
860 4175 914 4214 sese
932 4159 1010 4214 labet
1031 4157 1120 4213 edidit.
1132 4155 1245 4224 Schoell‚
1261 4155 1363 4223 Ussing

225 4265 292 4318 qaae
309 4248 424 4302 mercede
441 4263 494 4302 sese
511 4245 594 4304 labet.
632 4248 759 4302 Codicum
778 4247 913 4313 scriptura
930 4248 1060 4313 corrupta
1078 4246 1127 4296 est.
