<?xml version="1.0" encoding="UTF-8"?>
<!DOCTYPE html PUBLIC "-//W3C//DTD XHTML 1.0 Transitional//EN"
    "http://www.w3.org/TR/xhtml1/DTD/xhtml1-transitional.dtd">
<html xmlns="http://www.w3.org/1999/xhtml" xml:lang="en" lang="en">
 <head>
  <title>
</title>
<meta http-equiv="Content-Type" content="text/html;charset=utf-8" />
  <meta name='ocr-system' content='tesseract 3.04.00' />
  <meta name='ocr-capabilities' content='ocr_page ocr_carea ocr_par ocr_line ocrx_word'/>
</head>
<body>
  <div class='ocr_page' id='page_1' title='image "./degenetiviapudp01blomgoog_0039.png"; bbox 0 0 3312 5060; ppageno 0'>
   <div class='ocr_carea' id='block_1_1' title="bbox 294 566 1499 2296">
    <p class='ocr_par' dir='ltr' id='par_1_1' title="bbox 300 566 1429 1061">
     <span class='ocr_line' id='line_1_1' title="bbox 301 566 1428 652; baseline -0.004 -20"><span class='ocrx_word' id='word_1_1' title='bbox 301 569 350 632; x_wconf 92' lang='lat' dir='ltr'>tis</span> <span class='ocrx_word' id='word_1_2' title='bbox 364 568 389 651; x_wconf 90' lang='lat'>¹)</span> <span class='ocrx_word' id='word_1_3' title='bbox 419 568 461 632; x_wconf 92' lang='lat' dir='ltr'>ad</span> <span class='ocrx_word' id='word_1_4' title='bbox 490 573 592 632; x_wconf 86' lang='lat' dir='ltr'>tetam</span> <span class='ocrx_word' id='word_1_5' title='bbox 623 568 762 649; x_wconf 89' lang='lat' dir='ltr'>genetivi</span> <span class='ocrx_word' id='word_1_6' title='bbox 794 570 934 652; x_wconf 89' lang='lat' dir='ltr'>partitivi</span> <span class='ocrx_word' id='word_1_7' title='bbox 960 569 1161 652; x_wconf 84' lang='lat' dir='ltr'>provinciam</span> <span class='ocrx_word' id='word_1_8' title='bbox 1184 566 1428 648; x_wconf 86' lang='lat' dir='ltr'>significandam</span> 
     </span>
     <span class='ocr_line' id='line_1_2' title="bbox 300 669 1429 754; baseline -0.001 -21"><span class='ocrx_word' id='word_1_9' title='bbox 300 671 462 736; x_wconf 88' lang='lat' dir='ltr'>interdum</span> <span class='ocrx_word' id='word_1_10' title='bbox 485 671 629 752; x_wconf 86' lang='lat' dir='ltr'>usurpati</span> <span class='ocrx_word' id='word_1_11' title='bbox 652 671 871 751; x_wconf 77' lang='lat' dir='ltr'>inveniuntur3</span> <span class='ocrx_word' id='word_1_12' title='bbox 893 673 1107 754; x_wconf 79' lang='lat' dir='ltr'>genetivus</span> <span class='ocrx_word' id='word_1_13' title='bbox 1130 671 1288 753; x_wconf 89' lang='lat' dir='ltr'>generis</span> <span class='ocrx_word' id='word_1_14' title='bbox 1315 669 1429 733; x_wconf 87' lang='lat' dir='ltr'>dieitur</span> 
     </span>
     <span class='ocr_line' id='line_1_3' title="bbox 301 770 1426 858; baseline -0.002 -20"><span class='ocrx_word' id='word_1_15' title='bbox 301 780 333 838; x_wconf 91' lang='lat' dir='ltr'>et</span> <span class='ocrx_word' id='word_1_16' title='bbox 359 773 566 854; x_wconf 84' lang='lat' dir='ltr'>genetivus</span> <span class='ocrx_word' id='word_1_17' title='bbox 594 773 868 858; x_wconf 77' lang='lat' dir='ltr'>quantitatis2)</span> <span class='ocrx_word' id='word_1_18' title='bbox 896 781 927 839; x_wconf 92' lang='lat' dir='ltr'>et</span> <span class='ocrx_word' id='word_1_19' title='bbox 954 775 1159 856; x_wconf 82' lang='lat' dir='ltr'>genetivus</span> <span class='ocrx_word' id='word_1_20' title='bbox 1187 770 1426 853; x_wconf 86' lang='lat' dir='ltr'>materiae³),</span> 
     </span>
     <span class='ocr_line' id='line_1_4' title="bbox 301 871 1427 960; baseline -0.004 -19"><span class='ocrx_word' id='word_1_21' title='bbox 301 882 333 941; x_wconf 90' lang='lat' dir='ltr'>et</span> <span class='ocrx_word' id='word_1_22' title='bbox 354 877 406 940; x_wconf 88' lang='lat' dir='ltr'>hie</span> <span class='ocrx_word' id='word_1_23' title='bbox 430 877 578 958; x_wconf 89' lang='lat' dir='ltr'>quamvis</span> <span class='ocrx_word' id='word_1_24' title='bbox 601 895 675 940; x_wconf 84' lang='lat' dir='ltr'>eum</span> <span class='ocrx_word' id='word_1_25' title='bbox 697 877 845 957; x_wconf 90' lang='lat' dir='ltr'>genetivo</span> <span class='ocrx_word' id='word_1_26' title='bbox 869 877 1056 960; x_wconf 79' lang='lat' dir='ltr'>quantitatis</span> <span class='ocrx_word' id='word_1_27' title='bbox 1079 884 1148 940; x_wconf 88' lang='lat' dir='ltr'>arte</span> <span class='ocrx_word' id='word_1_28' title='bbox 1171 876 1355 955; x_wconf 86' lang='lat' dir='ltr'>cohaereat,</span> <span class='ocrx_word' id='word_1_29' title='bbox 1386 871 1427 936; x_wconf 88' lang='lat' dir='ltr'>ab</span> 
     </span>
     <span class='ocr_line' id='line_1_5' title="bbox 300 976 1428 1061; baseline -0.006 -16"><span class='ocrx_word' id='word_1_30' title='bbox 300 997 340 1045; x_wconf 88' lang='lat' dir='ltr'>eo</span> <span class='ocrx_word' id='word_1_31' title='bbox 370 986 481 1045; x_wconf 89' lang='lat' dir='ltr'>tamen</span> <span class='ocrx_word' id='word_1_32' title='bbox 511 979 664 1060; x_wconf 81' lang='lat' dir='ltr'>distingui</span> <span class='ocrx_word' id='word_1_33' title='bbox 693 986 724 1043; x_wconf 90' lang='lat' dir='ltr'>et</span> <span class='ocrx_word' id='word_1_34' title='bbox 754 981 899 1061; x_wconf 89' lang='lat' dir='ltr'>separari</span> <span class='ocrx_word' id='word_1_35' title='bbox 928 980 1018 1044; x_wconf 89' lang='lat' dir='ltr'>solet.</span> <span class='ocrx_word' id='word_1_36' title='bbox 1063 980 1119 1043; x_wconf 89' lang='lat' dir='ltr'>His</span> <span class='ocrx_word' id='word_1_37' title='bbox 1148 997 1226 1044; x_wconf 87' lang='lat' dir='ltr'>vero</span> <span class='ocrx_word' id='word_1_38' title='bbox 1256 976 1428 1059; x_wconf 82' lang='lat' dir='ltr'>generibus</span> 
     </span>
    </p>

    <p class='ocr_par' dir='ltr' id='par_1_2' title="bbox 294 1065 1499 2296">
     <span class='ocr_line' id='line_1_6' title="bbox 300 1065 1499 1166; baseline -0.003 -20"><span class='ocrx_word' id='word_1_39' title='bbox 300 1102 367 1147; x_wconf 89' lang='lat' dir='ltr'>non</span> <span class='ocrx_word' id='word_1_40' title='bbox 395 1089 567 1147; x_wconf 82' lang='lat' dir='ltr'>contentus</span> <span class='ocrx_word' id='word_1_41' title='bbox 596 1080 763 1166; x_wconf 72' lang='lat' dir='ltr'>Auber4)</span> <span class='ocrx_word' id='word_1_42' title='bbox 790 1101 911 1146; x_wconf 90' lang='lat' dir='ltr'>novum</span> <span class='ocrx_word' id='word_1_43' title='bbox 938 1100 1039 1163; x_wconf 89' lang='lat' dir='ltr'>genus</span> <span class='ocrx_word' id='word_1_44' title='bbox 1069 1082 1244 1161; x_wconf 82' lang='lat' dir='ltr'>constituit,</span> <span class='ocrx_word' id='word_1_45' title='bbox 1279 1079 1366 1162; x_wconf 91' lang='lat' dir='ltr'>quod</span> <span class='ocrx_word' id='word_1_46' title='bbox 1396 1080 1428 1142; x_wconf 90' lang='lat' dir='ltr'>in</span> <span class='ocrx_word' id='word_1_47' title='bbox 1496 1065 1499 1070; x_wconf 55' lang='grc'>’</span> 
     </span>
     <span class='ocr_line' id='line_1_7' title="bbox 294 1183 1427 1269; baseline -0.003 -23"><span class='ocrx_word' id='word_1_48' title='bbox 294 1185 429 1267; x_wconf 78' lang='lat' dir='ltr'>familia</span> <span class='ocrx_word' id='word_1_49' title='bbox 461 1183 651 1266; x_wconf 79' lang='lat' dir='ltr'>Scipionum,</span> <span class='ocrx_word' id='word_1_50' title='bbox 681 1204 779 1265; x_wconf 78' lang='lat' dir='ltr'>penus</span> <span class='ocrx_word' id='word_1_51' title='bbox 801 1205 916 1261; x_wconf 85' lang='lat' dir='ltr'>eornm,</span> <span class='ocrx_word' id='word_1_52' title='bbox 947 1186 1025 1269; x_wconf 83' lang='lat' dir='ltr'>qui.</span> <span class='ocrx_word' id='word_1_53' title='bbox 1044 1233 1051 1247; x_wconf 91' lang='lat'><em>.</em></span> <span class='ocrx_word' id='word_1_54' title='bbox 1068 1233 1086 1261; x_wconf 92' lang='lat'>.,</span> <span class='ocrx_word' id='word_1_55' title='bbox 1111 1204 1259 1246; x_wconf 83' lang='lat' dir='ltr'>nurnerus</span> <span class='ocrx_word' id='word_1_56' title='bbox 1281 1190 1427 1245; x_wconf 80' lang='lat' dir='ltr'>trecento·</span> 
     </span>
     <span class='ocr_line' id='line_1_8' title="bbox 302 1286 1427 1371; baseline 0.002 -23"><span class='ocrx_word' id='word_1_57' title='bbox 302 1308 382 1364; x_wconf 83' lang='lat' dir='ltr'>rura,</span> <span class='ocrx_word' id='word_1_58' title='bbox 407 1294 467 1352; x_wconf 84' lang='lat' dir='ltr'>cet.</span> <span class='ocrx_word' id='word_1_59' title='bbox 490 1295 650 1352; x_wconf 82' lang='lat' dir='ltr'>cernatur.</span> <span class='ocrx_word' id='word_1_60' title='bbox 683 1287 775 1352; x_wconf 86' lang='lat' dir='ltr'>Hune</span> <span class='ocrx_word' id='word_1_61' title='bbox 798 1289 992 1369; x_wconf 87' lang='lat' dir='ltr'>genetivum,</span> <span class='ocrx_word' id='word_1_62' title='bbox 1009 1307 1105 1371; x_wconf 92' lang='lat' dir='ltr'>quern</span> <span class='ocrx_word' id='word_1_63' title='bbox 1118 1288 1259 1352; x_wconf 90' lang='lat' dir='ltr'>medinm</span> <span class='ocrx_word' id='word_1_64' title='bbox 1275 1286 1427 1369; x_wconf 82' lang='lat' dir='ltr'>quiddam</span> 
     </span>
     <span class='ocr_line' id='line_1_9' title="bbox 300 1390 1427 1473; baseline -0.001 -20"><span class='ocrx_word' id='word_1_65' title='bbox 300 1392 383 1454; x_wconf 89' lang='lat' dir='ltr'>inter</span> <span class='ocrx_word' id='word_1_66' title='bbox 404 1391 589 1472; x_wconf 86' lang='lat' dir='ltr'>genetivum</span> <span class='ocrx_word' id='word_1_67' title='bbox 612 1391 798 1471; x_wconf 80' lang='lat' dir='ltr'>partitivum</span> <span class='ocrx_word' id='word_1_68' title='bbox 822 1397 854 1456; x_wconf 92' lang='lat' dir='ltr'>et</span> <span class='ocrx_word' id='word_1_69' title='bbox 880 1392 1065 1472; x_wconf 86' lang='lat' dir='ltr'>genetivum</span> <span class='ocrx_word' id='word_1_70' title='bbox 1087 1391 1214 1472; x_wconf 87' lang='lat' dir='ltr'>generis</span> <span class='ocrx_word' id='word_1_71' title='bbox 1238 1390 1301 1473; x_wconf 86' lang='lat' dir='ltr'>(vel</span> <span class='ocrx_word' id='word_1_72' title='bbox 1324 1407 1427 1471; x_wconf 91' lang='lat' dir='ltr'>quan-</span> 
     </span>
     <span class='ocr_line' id='line_1_10' title="bbox 298 1491 1424 1577; baseline -0.001 -21"><span class='ocrx_word' id='word_1_73' title='bbox 298 1492 412 1577; x_wconf 86' lang='lat' dir='ltr'>titatis)</span> <span class='ocrx_word' id='word_1_74' title='bbox 434 1494 612 1575; x_wconf 74' lang='lat' dir='ltr'>exprimere</span> <span class='ocrx_word' id='word_1_75' title='bbox 632 1495 685 1575; x_wconf 89' lang='lat' dir='ltr'>ait,</span> <span class='ocrx_word' id='word_1_76' title='bbox 710 1495 931 1575; x_wconf 90' lang='lat' dir='ltr'>genetivum</span> <span class='ocrx_word' id='word_1_77' title='bbox 953 1495 1121 1575; x_wconf 91' lang='lat' dir='ltr'>partium</span> <span class='ocrx_word' id='word_1_78' title='bbox 1142 1494 1297 1557; x_wconf 86' lang='lat' dir='ltr'>nominat.</span> <span class='ocrx_word' id='word_1_79' title='bbox 1330 1491 1424 1556; x_wconf 88' lang='lat' dir='ltr'>Deni-</span> 
     </span>
     <span class='ocr_line' id='line_1_11' title="bbox 299 1595 1428 1680; baseline -0.003 -19"><span class='ocrx_word' id='word_1_80' title='bbox 299 1614 362 1678; x_wconf 90' lang='lat' dir='ltr'>que</span> <span class='ocrx_word' id='word_1_81' title='bbox 385 1596 522 1661; x_wconf 85' lang='lat' dir='ltr'>Holtze</span> <span class='ocrx_word' id='word_1_82' title='bbox 544 1597 676 1679; x_wconf 87' lang='lat' dir='ltr'>proprio</span> <span class='ocrx_word' id='word_1_83' title='bbox 700 1597 842 1680; x_wconf 86' lang='lat' dir='ltr'>quodam</span> <span class='ocrx_word' id='word_1_84' title='bbox 867 1597 964 1662; x_wconf 89' lang='lat' dir='ltr'>modo</span> <span class='ocrx_word' id='word_1_85' title='bbox 988 1598 1127 1679; x_wconf 91' lang='lat' dir='ltr'>genetivi</span> <span class='ocrx_word' id='word_1_86' title='bbox 1150 1615 1270 1679; x_wconf 90' lang='lat' dir='ltr'>genera</span> <span class='ocrx_word' id='word_1_87' title='bbox 1286 1595 1428 1660; x_wconf 85' lang='lat' dir='ltr'>distinxit</span> 
     </span>
     <span class='ocr_line' id='line_1_12' title="bbox 299 1699 1427 1784; baseline 0.001 -21"><span class='ocrx_word' id='word_1_88' title='bbox 299 1705 397 1781; x_wconf 88' lang='lat' dir='ltr'>atque</span> <span class='ocrx_word' id='word_1_89' title='bbox 420 1699 553 1763; x_wconf 88' lang='lat' dir='ltr'>nomina</span> <span class='ocrx_word' id='word_1_90' title='bbox 575 1700 628 1763; x_wconf 91' lang='lat' dir='ltr'>illa</span> <span class='ocrx_word' id='word_1_91' title='bbox 651 1701 817 1782; x_wconf 90' lang='lat' dir='ltr'>usurpavit</span> <span class='ocrx_word' id='word_1_92' title='bbox 829 1699 863 1784; x_wconf 81' lang='lat'>⁵).</span> <span class='ocrx_word' id='word_1_93' title='bbox 897 1699 962 1766; x_wconf 89' lang='lat' dir='ltr'>Sed</span> <span class='ocrx_word' id='word_1_94' title='bbox 985 1702 1115 1782; x_wconf 89' lang='lat' dir='ltr'>longum</span> <span class='ocrx_word' id='word_1_95' title='bbox 1139 1706 1188 1766; x_wconf 89' lang='lat' dir='ltr'>est</span> <span class='ocrx_word' id='word_1_96' title='bbox 1204 1700 1323 1778; x_wconf 89' lang='lat' dir='ltr'>omnia,</span> <span class='ocrx_word' id='word_1_97' title='bbox 1343 1716 1427 1781; x_wconf 86' lang='lat' dir='ltr'>quae</span> 
     </span>
     <span class='ocr_line' id='line_1_13' title="bbox 298 1801 1427 1883; baseline 0.002 -19"><span class='ocrx_word' id='word_1_98' title='bbox 298 1802 473 1866; x_wconf 86' lang='lat' dir='ltr'>inhaere</span> <span class='ocrx_word' id='word_1_99' title='bbox 500 1801 625 1867; x_wconf 86' lang='lat' dir='ltr'>diverse</span> <span class='ocrx_word' id='word_1_100' title='bbox 648 1804 808 1868; x_wconf 86' lang='lat' dir='ltr'>senserint</span> <span class='ocrx_word' id='word_1_101' title='bbox 829 1804 1045 1883; x_wconf 86' lang='lat' dir='ltr'>grammatici,</span> <span class='ocrx_word' id='word_1_102' title='bbox 1076 1821 1275 1868; x_wconf 90' lang='lat' dir='ltr'>enumerare.</span> <span class='ocrx_word' id='word_1_103' title='bbox 1320 1801 1427 1881; x_wconf 86' lang='lat' dir='ltr'>Quare</span> 
     </span>
     <span class='ocr_line' id='line_1_14' title="bbox 299 1905 1427 1986; baseline -0.001 -17"><span class='ocrx_word' id='word_1_104' title='bbox 299 1905 340 1969; x_wconf 92' lang='lat' dir='ltr'>ad</span> <span class='ocrx_word' id='word_1_105' title='bbox 362 1923 430 1968; x_wconf 90' lang='lat' dir='ltr'>rem</span> <span class='ocrx_word' id='word_1_106' title='bbox 454 1906 654 1986; x_wconf 87' lang='lat' dir='ltr'>propositam</span> <span class='ocrx_word' id='word_1_107' title='bbox 677 1907 850 1970; x_wconf 88' lang='lat' dir='ltr'>redeuntes</span> <span class='ocrx_word' id='word_1_108' title='bbox 872 1905 937 1969; x_wconf 91' lang='lat' dir='ltr'>duo</span> <span class='ocrx_word' id='word_1_109' title='bbox 960 1906 1012 1968; x_wconf 90' lang='lat' dir='ltr'>illa</span> <span class='ocrx_word' id='word_1_110' title='bbox 1028 1924 1148 1985; x_wconf 88' lang='lat' dir='ltr'>genera</span> <span class='ocrx_word' id='word_1_111' title='bbox 1163 1906 1312 1986; x_wconf 86' lang='lat' dir='ltr'>partitivi,</span> <span class='ocrx_word' id='word_1_112' title='bbox 1329 1922 1427 1984; x_wconf 88' lang='lat' dir='ltr'>gene-</span> 
     </span>
     <span class='ocr_line' id='line_1_15' title="bbox 298 2007 1426 2090; baseline -0.004 -18"><span class='ocrx_word' id='word_1_113' title='bbox 298 2008 400 2072; x_wconf 91' lang='lat' dir='ltr'>tivum</span> <span class='ocrx_word' id='word_1_114' title='bbox 430 2009 620 2090; x_wconf 85' lang='lat' dir='ltr'>quantitatis</span> <span class='ocrx_word' id='word_1_115' title='bbox 650 2009 722 2073; x_wconf 86' lang='lat' dir='ltr'>dieo</span> <span class='ocrx_word' id='word_1_116' title='bbox 753 2015 785 2072; x_wconf 87' lang='lat' dir='ltr'>et</span> <span class='ocrx_word' id='word_1_117' title='bbox 814 2008 998 2088; x_wconf 88' lang='lat' dir='ltr'>genetivum</span> <span class='ocrx_word' id='word_1_118' title='bbox 1028 2007 1223 2088; x_wconf 87' lang='lat' dir='ltr'>partitivum,</span> <span class='ocrx_word' id='word_1_119' title='bbox 1252 2007 1426 2087; x_wconf 89' lang='lat' dir='ltr'>separatim</span> 
     </span>
     <span class='ocr_line' id='line_1_16' title="bbox 297 2107 1427 2192; baseline -0.005 -18"><span class='ocrx_word' id='word_1_120' title='bbox 297 2109 522 2188; x_wconf 58' lang='lat' dir='ltr'>tractabimus</span> <span class='ocrx_word' id='word_1_121' title='bbox 545 2111 728 2192; x_wconf 89' lang='lat' dir='ltr'>genetivum</span> <span class='ocrx_word' id='word_1_122' title='bbox 750 2128 827 2174; x_wconf 87' lang='lat' dir='ltr'>vere</span> <span class='ocrx_word' id='word_1_123' title='bbox 852 2110 1007 2174; x_wconf 88' lang='lat' dir='ltr'>materiae</span> <span class='ocrx_word' id='word_1_124' title='bbox 1030 2110 1188 2190; x_wconf 89' lang='lat' dir='ltr'>optimum</span> <span class='ocrx_word' id='word_1_125' title='bbox 1204 2107 1329 2171; x_wconf 90' lang='lat' dir='ltr'>videtur</span> <span class='ocrx_word' id='word_1_126' title='bbox 1344 2107 1427 2169; x_wconf 86' lang='lat' dir='ltr'>inter</span> 
     </span>
     <span class='ocr_line' id='line_1_17' title="bbox 298 2207 1373 2296; baseline -0.011 -16"><span class='ocrx_word' id='word_1_127' title='bbox 298 2215 466 2296; x_wconf 88' lang='lat' dir='ltr'>genetivos</span> <span class='ocrx_word' id='word_1_128' title='bbox 489 2215 678 2296; x_wconf 88' lang='lat' dir='ltr'>quantitatis</span> <span class='ocrx_word' id='word_1_129' title='bbox 701 2212 829 2292; x_wconf 84' lang='lat' dir='ltr'>referre,</span> <span class='ocrx_word' id='word_1_130' title='bbox 854 2213 908 2295; x_wconf 93' lang='lat' dir='ltr'>qui</span> <span class='ocrx_word' id='word_1_131' title='bbox 931 2230 971 2276; x_wconf 90' lang='lat' dir='ltr'>ex</span> <span class='ocrx_word' id='word_1_132' title='bbox 993 2210 1202 2274; x_wconf 87' lang='lat' dir='ltr'>substantivis</span> <span class='ocrx_word' id='word_1_133' title='bbox 1225 2207 1373 2288; x_wconf 90' lang='lat' dir='ltr'>pendant.</span> 
     </span>
    </p>
   </div>
   <div class='ocr_carea' id='block_1_2' title="bbox 402 2411 1424 2487">
    <p class='ocr_par' dir='ltr' id='par_1_3' title="bbox 402 2411 1424 2487">
     <span class='ocr_line' id='line_1_18' title="bbox 402 2411 1424 2487; baseline -0.012 -15"><span class='ocrx_word' id='word_1_134' title='bbox 402 2423 423 2487; x_wconf 88' lang='lat'>¹)</span> <span class='ocrx_word' id='word_1_135' title='bbox 440 2419 532 2472; x_wconf 87' lang='lat' dir='ltr'>Lund</span> <span class='ocrx_word' id='word_1_136' title='bbox 558 2419 598 2470; x_wconf 89' lang='lat' dir='ltr'>De</span> <span class='ocrx_word' id='word_1_137' title='bbox 622 2416 806 2484; x_wconf 85' lang='lat' dir='ltr'>parallelismo</span> <span class='ocrx_word' id='word_1_138' title='bbox 829 2416 950 2485; x_wconf 83' lang='lat' dir='ltr'>syntaxis</span> <span class='ocrx_word' id='word_1_139' title='bbox 973 2428 1086 2482; x_wconf 86' lang='lat' dir='ltr'>graecae</span> <span class='ocrx_word' id='word_1_140' title='bbox 1109 2416 1136 2464; x_wconf 89' lang='lat' dir='ltr'>et</span> <span class='ocrx_word' id='word_1_141' title='bbox 1158 2411 1259 2464; x_wconf 89' lang='lat' dir='ltr'>latinae</span> <span class='ocrx_word' id='word_1_142' title='bbox 1278 2426 1328 2462; x_wconf 90' lang='lat' dir='ltr'>usu</span> <span class='ocrx_word' id='word_1_143' title='bbox 1347 2423 1424 2462; x_wconf 87' lang='lat' dir='ltr'>casus</span> 
     </span>
    </p>
   </div>
   <div class='ocr_carea' id='block_1_3' title="bbox 296 2501 1424 2742">
    <p class='ocr_par' dir='ltr' id='par_1_4' title="bbox 296 2501 1424 2742">
     <span class='ocr_line' id='line_1_19' title="bbox 297 2501 980 2574; baseline -0.013 -16"><span class='ocrx_word' id='word_1_144' title='bbox 297 2505 409 2574; x_wconf 84' lang='lat' dir='ltr'>genitivi</span> <span class='ocrx_word' id='word_1_145' title='bbox 429 2505 614 2558; x_wconf 84' lang='lat' dir='ltr'>demonstrato</span> <span class='ocrx_word' id='word_1_146' title='bbox 632 2503 766 2568; x_wconf 87' lang='lat' dir='ltr'>(Hauniae</span> <span class='ocrx_word' id='word_1_147' title='bbox 787 2502 861 2568; x_wconf 82' lang='lat'>1845)</span> <span class='ocrx_word' id='word_1_148' title='bbox 879 2517 904 2568; x_wconf 92' lang='lat' dir='ltr'>p.</span> <span class='ocrx_word' id='word_1_149' title='bbox 924 2501 980 2551; x_wconf 86' lang='lat'>111.</span> 
     </span>
     <span class='ocr_line' id='line_1_20' title="bbox 399 2579 1424 2658; baseline -0.013 -16"><span class='ocrx_word' id='word_1_150' title='bbox 399 2593 419 2658; x_wconf 86' lang='lat'>²)</span> <span class='ocrx_word' id='word_1_151' title='bbox 438 2589 493 2642; x_wconf 86' lang='lat' dir='ltr'>Cfr.</span> <span class='ocrx_word' id='word_1_152' title='bbox 513 2590 626 2641; x_wconf 83' lang='lat' dir='ltr'>Auber</span> <span class='ocrx_word' id='word_1_153' title='bbox 644 2589 660 2640; x_wconf 93' lang='lat' dir='ltr'>l.</span> <span class='ocrx_word' id='word_1_154' title='bbox 679 2603 701 2640; x_wconf 81' lang='lat' dir='ltr'>a.</span> <span class='ocrx_word' id='word_1_155' title='bbox 719 2604 744 2655; x_wconf 91' lang='lat' dir='ltr'>p.</span> <span class='ocrx_word' id='word_1_156' title='bbox 765 2589 796 2640; x_wconf 83' lang='grc'>39</span> <span class='ocrx_word' id='word_1_157' title='bbox 816 2603 854 2654; x_wconf 91' lang='lat' dir='ltr'>sq.</span> <span class='ocrx_word' id='word_1_158' title='bbox 873 2617 906 2624; x_wconf 99' lang='lat'><em>-</em></span> <span class='ocrx_word' id='word_1_159' title='bbox 925 2583 1005 2652; x_wconf 85' lang='lat' dir='ltr'>Apud</span> <span class='ocrx_word' id='word_1_160' title='bbox 1027 2582 1219 2636; x_wconf 84' lang='lat' dir='ltr'>Schaafium</span> <span class='ocrx_word' id='word_1_161' title='bbox 1238 2583 1289 2648; x_wconf 85' lang='lat' dir='ltr'>(De</span> <span class='ocrx_word' id='word_1_162' title='bbox 1307 2579 1424 2648; x_wconf 82' lang='lat' dir='ltr'>genetivi</span> 
     </span>
     <span class='ocr_line' id='line_1_21' title="bbox 296 2665 1424 2742; baseline -0.012 -13"><span class='ocrx_word' id='word_1_163' title='bbox 296 2693 347 2731; x_wconf 90' lang='lat' dir='ltr'>usu</span> <span class='ocrx_word' id='word_1_164' title='bbox 371 2677 498 2728; x_wconf 85' lang='lat' dir='ltr'>Plautino</span> <span class='ocrx_word' id='word_1_165' title='bbox 522 2691 547 2742; x_wconf 94' lang='lat' dir='ltr'>p.</span> <span class='ocrx_word' id='word_1_166' title='bbox 570 2675 598 2742; x_wconf 84' lang='lat'>9)</span> <span class='ocrx_word' id='word_1_167' title='bbox 622 2675 801 2742; x_wconf 84' lang='lat' dir='ltr'>genetivus</span> <span class='ocrx_word' id='word_1_168' title='bbox 826 2672 959 2740; x_wconf 86' lang='lat' dir='ltr'>generis</span> <span class='ocrx_word' id='word_1_169' title='bbox 984 2687 1033 2737; x_wconf 88' lang='lat' dir='ltr'>pro</span> <span class='ocrx_word' id='word_1_170' title='bbox 1059 2673 1118 2721; x_wconf 88' lang='lat' dir='ltr'>toto</span> <span class='ocrx_word' id='word_1_171' title='bbox 1145 2668 1269 2735; x_wconf 84' lang='lat' dir='ltr'>genetivo</span> <span class='ocrx_word' id='word_1_172' title='bbox 1296 2665 1424 2732; x_wconf 81' lang='lat' dir='ltr'>partitiva</span> 
     </span>
    </p>
   </div>
   <div class='ocr_carea' id='block_1_4' title="bbox 297 2771 1314 3096">
    <p class='ocr_par' dir='ltr' id='par_1_5' title="bbox 297 2771 1314 3096">
     <span class='ocr_line' id='line_1_22' title="bbox 297 2771 1314 2914; baseline -0.009 -15"><span class='ocrx_word' id='word_1_173' title='bbox 297 2771 493 2914; x_wconf 48' lang='lat' dir='ltr'>usurpagilrtifr.</span> <span class='ocrx_word' id='word_1_174' title='bbox 511 2828 600 2898; x_wconf 79' lang='lat' dir='ltr'>Lech</span> <span class='ocrx_word' id='word_1_175' title='bbox 619 2846 660 2896; x_wconf 90' lang='lat' dir='ltr'>De</span> <span class='ocrx_word' id='word_1_176' title='bbox 678 2843 796 2912; x_wconf 86' lang='lat' dir='ltr'>genetivi</span> <span class='ocrx_word' id='word_1_177' title='bbox 815 2841 888 2908; x_wconf 88' lang='lat' dir='ltr'>apud</span> <span class='ocrx_word' id='word_1_178' title='bbox 906 2841 984 2907; x_wconf 84' lang='lat' dir='ltr'>prisc.</span> <span class='ocrx_word' id='word_1_179' title='bbox 1004 2841 1097 2907; x_wconf 80' lang='lat' dir='ltr'>script.</span> <span class='ocrx_word' id='word_1_180' title='bbox 1115 2840 1162 2893; x_wconf 87' lang='lat' dir='ltr'>lat.</span> <span class='ocrx_word' id='word_1_181' title='bbox 1182 2855 1232 2892; x_wconf 90' lang='lat' dir='ltr'>usu</span> <span class='ocrx_word' id='word_1_182' title='bbox 1250 2855 1275 2906; x_wconf 88' lang='lat' dir='ltr'>p.</span> <span class='ocrx_word' id='word_1_183' title='bbox 1290 2839 1314 2890; x_wconf 82' lang='grc'>4.</span> 
     </span>
     <span class='ocr_line' id='line_1_23' title="bbox 399 2931 600 2982; baseline -0.015 0"><span class='ocrx_word' id='word_1_184' title='bbox 399 2933 409 2963; x_wconf 72' lang='lat'>⁴</span> <span class='ocrx_word' id='word_1_185' title='bbox 448 2969 454 2981; x_wconf 91' lang='lat'><strong>.</strong></span> <span class='ocrx_word' id='word_1_186' title='bbox 490 2971 495 2982; x_wconf 89' lang='lat'><em>.</em></span> <span class='ocrx_word' id='word_1_187' title='bbox 522 2968 539 2982; x_wconf 79' lang='grc'>..</span> <span class='ocrx_word' id='word_1_188' title='bbox 560 2931 600 2980; x_wconf 87' lang='grc'>39.</span> 
     </span>
     <span class='ocr_line' id='line_1_24' title="bbox 398 2930 1215 3096; baseline -0.006 -28"><span class='ocrx_word' id='word_1_189' title='bbox 398 2934 419 3083; x_wconf 53' lang='lat'>⁵}</span> <span class='ocrx_word' id='word_1_190' title='bbox 437 2930 556 3068; x_wconf 59' lang='lat' dir='ltr'>lHdltpze</span> <span class='ocrx_word' id='word_1_191' title='bbox 574 3013 700 3081; x_wconf 83' lang='lat' dir='ltr'>Syntaxis</span> <span class='ocrx_word' id='word_1_192' title='bbox 718 3014 798 3079; x_wconf 85' lang='lat' dir='ltr'>prisc.</span> <span class='ocrx_word' id='word_1_193' title='bbox 817 3012 908 3096; x_wconf 75' lang='lat' dir='ltr'>script.</span> <span class='ocrx_word' id='word_1_194' title='bbox 928 3011 975 3067; x_wconf 87' lang='lat' dir='ltr'>lat.</span> <span class='ocrx_word' id='word_1_195' title='bbox 995 3012 1007 3064; x_wconf 92' lang='lat'><em>1</em></span> <span class='ocrx_word' id='word_1_196' title='bbox 1025 3028 1051 3078; x_wconf 91' lang='lat' dir='ltr'>p.</span> <span class='ocrx_word' id='word_1_197' title='bbox 1070 3010 1215 3063; x_wconf 77' lang='lat'>315-340.</span> 
     </span>
    </p>
   </div>
   <div class='ocr_carea' id='block_1_5' title="bbox 0 0 1660 5060">
    <p class='ocr_par' dir='ltr' id='par_1_6' title="bbox 0 0 1660 5060">
     <span class='ocr_line' id='line_1_25' title="bbox 0 0 1660 5060; baseline 0 2"><span class='ocrx_word' id='word_1_198' title='bbox 0 0 1660 5060; x_wconf 95' lang='lat' dir='ltr'> </span> 
     </span>
    </p>
   </div>
  </div>
 </body>
</html>
