3306 5060
333 319 395 383 100

389 521 562 588 (sanativus
584 521 767 608 patheticus
790 523 832 587 ad
855 523 955 589 verba
978 523 1419 607 affectuumquaevoeantur

287 627 469 710 apponitur.
512 625 547 690 ln
580 626 643 691 hoe
665 645 745 691 casu
768 645 809 691 ea
831 625 1036 692 substantiva
1058 633 1232 710 ponuntur,
1256 645 1340 710 quae
1363 635 1419 692 aut

286 749 340 798 res
363 728 521 809 veliacta,
534 728 674 811 ohquae
696 729 820 812 pudore
842 728 1418 814 autmisericordiaaffioituraliquis

286 833 432 898 indicant
464 839 520 896 aut
553 850 728 914 personam
751 832 943 914 significant,
970 839 1222 916 propterquam
1245 833 1298 898 illo
1321 852 1420 899 sensu

288 937 361 1020 quis
383 935 518 1000 affectus
541 941 598 1000 est.
631 935 703 1017 lpse
726 935 828 1001 verba
850 941 962 1000 autem
977 941 1009 1000 et
1024 935 1238 1018 personaliter
1253 941 1285 1001 et
1299 937 1420 1020 imper-

289 1038 445 1106 sonaliter
465 1045 670 1120 usurpantur.
715 1038 805 1104 Haec
828 1046 915 1104 sunt:

390 1174 545 1242 miserere
566 1178 781 1257 personaliter
795 1182 989 1259 usurpatum
1004 1177 1189 1258 genetivum
1204 1175 1299 1257 regit:
1330 1173 1420 1258 Capt.

290 1281 353 1346 764
385 1279 528 1344 meminis
550 1279 698 1343 emiserere
721 1283 882 1357 certumst,
906 1278 986 1360 piria
1009 1277 1071 1342 mei
1092 1277 1221 1342 miseret
1241 1275 1421 1354 raemirrem;

289 1383 383 1448 Truc.
407 1383 470 1446 223
488 1380 689 1467 piaculumst
709 1381 859 1446 miserere
880 1400 940 1445 reos
961 1380 1132 1446 homimum
1154 1381 1202 1445 rei
1213 1379 1297 1446 maie
1305 1399 1421 1466 gerere-

290 1489 376 1561 taem,·
397 1484 512 1550 Pseud.
535 1486 597 1550 378
619 1484 678 1566 psi
699 1504 748 1548 me
771 1485 823 1548 toi
844 1483 994 1548 miserere
1010 1481 1169 1565 postulas.
1201 1483 1258 1548 His
1270 1483 1421 1549 omnibus

290 1588 371 1653 loeis
392 1587 464 1651 libri
486 1587 626 1652 Plautini
648 1586 795 1651 misereri
817 1586 948 1666 habent,
976 1587 1064 1670 quod
1087 1604 1107 1651 a
1128 1585 1299 1670 Spengelio
1316 1583 1421 1670 (Troe.

291 1691 365 1775 223)
400 1691 433 1754 in
466 1690 615 1754 miserere
645 1697 806 1755 mutatum
829 1697 887 1772 est,
910 1691 1009 1773 idque
1031 1708 1147 1755 omnes
1170 1688 1237 1755 fere
1259 1688 1422 1772 approha-

288 1799 417 1859 verumt
440 1793 507 1878 (eir.
529 1795 618 1859 Lech
641 1815 670 1878 p.
694 1795 746 1876 30,
770 1793 905 1858 Sohaatl
924 1814 952 1875 p.
975 1793 1039 1877 42).

392 1930 523 1996 miseret
554 1932 817 2015 impersonaliter
850 1936 1043 2013 usurpatum
1067 1931 1254 2013 genetivum
1286 1930 1423 1994 adscivit

289 2036 403 2101 Pseud.
431 2035 511 2098 1324
533 2052 635 2116 meque
660 2037 688 2099 te
710 2033 772 2098 snei
796 2033 879 2118 tergi
900 2033 1075 2110 minoraret,
1097 2032 1155 2098 hoc
1176 2031 1222 2098 sei
1243 2051 1313 2098 mom
1331 2031 1423 2096 hodie

289 2136 477 2220 effecissem·
509 2137 602 2203 Most.
635 2139 697 2204 985
732 2157 780 2202 me
813 2137 884 2202 eires
907 2137 1019 2219 patris
1040 2136 1154 2202 misere
1175 2135 1304 2200 miseret
1311 2157 1320 2212 ,·
1342 2135 1423 2201 Rud.

290 2242 352 2307 277
377 2239 645 2322 miserioremque
669 2244 697 2305 te
719 2239 892 2305 ambarum
914 2239 967 2304 acti
988 2239 1156 2315 misereat;
1177 2239 1263 2303 Trin.
1284 2239 1347 2304 431
1361 2237 1423 2302 mi-

290 2347 374 2408 seret
406 2348 434 2408 te
466 2342 625 2420 otiorum
659 2344 751 2428 Capt.
784 2346 848 2411 765
880 2345 961 2426 poio
993 2343 1057 2408 mei
1089 2342 1220 2408 miseret
1244 2342 1426 2418 0000οε0,-

290 2448 377 2512 Trin.
398 2449 457 2512 431
487 2447 537 2512 tui
558 2466 616 2512 mec
638 2447 769 2512 miseret
790 2467 848 2512 mec
867 2447 982 2529 podem
1007 2447 1091 2512 Trin.
1106 2447 1170 2511 343
1185 2465 1228 2509 me
1243 2444 1285 2509 tis
1300 2444 1425 2530 (=tui)

291 2549 374 2616 otios
402 2550 568 2628 misereot;
591 2550 683 2616 Cure.
707 2552 770 2616 518
795 2551 825 2615 si
846 2550 947 2616 teies
969 2549 1112 2626 miseret;
1135 2548 1211 2614 Cist.
1234 2551 1297 2614 602
1319 2552 1357 2612 ot
1376 2567 1426 2612 me

291 2653 392 2718 taius
424 2655 565 2731 miseret;
598 2655 715 2720 Bacch.
753 2655 837 2720 1044
870 2653 998 2718 miseret
1031 2673 1079 2716 me
1112 2651 1220 2727 illim
1241 2651 1339 2718 Stien
1362 2652 1425 2716 329

291 2777 371 2823 mam
404 2757 474 2822 med
507 2755 651 2838 equidem
683 2755 804 2821 horum
837 2755 1014 2821 miserebat.
1045 2793 1085 2802 -
1108 2754 1223 2820 Pseud.
1246 2755 1309 2819 308
1332 2751 1427 2819 milne

293 2865 322 2924 te
355 2857 504 2924 miseret?
535 2878 574 2925 ex
597 2859 625 2922 A
648 2860 778 2942 scripsit
802 2857 918 2938 Goetz;
941 2859 998 2923 sed
1022 2862 1051 2922 te
1072 2857 1134 2922 mei
1157 2857 1285 2921 miseret
1305 2857 1426 2923 habent

292 2963 352 3043 FZ,
375 2981 472 3045 quem
495 2963 678 3043 genetivum
702 2959 867 3028 retinebat
889 2961 1020 3026 Ritsehl.

395 3081 542 3164 Denique
564 3082 694 3163 passive
716 3088 748 3147 et
772 3081 1032 3164 impersonaliter
1053 3080 1185 3163 ponitur
1206 3080 1270 3145 hoo
1291 3079 1427 3145 verbum

293 3183 378 3248 Trin.
400 3185 464 3249 430
488 3204 535 3248 me
556 3184 640 3249 eiius
662 3184 886 3249 miseritumst.
1132 3195 1135 3202 ’

396 3321 589 3391 miserescit.
634 3323 717 3387 Trin.
741 3323 804 3387 343
826 3325 866 3386 ret
886 3320 936 3386 ito
960 3319 1150 3386 teatiormm
1173 3318 1362 3397 miserescat,
1386 3335 1428 3382 rie

296 3423 337 3488 tis
360 3423 441 3488 otios
463 3424 621 3491 misereat.

355 3593 356 3596 ¹
397 3567 595 3624 Accusativus
618 3565 686 3624 huic
713 3566 807 3623 verbo
829 3562 1025 3639 subiungitur
1045 3562 1134 3638 Epid.
1157 3561 1220 3620 526
1243 3563 1270 3621 si
1291 3560 1360 3638 quid
1380 3559 1428 3619 ito·

294 3652 395 3713 minist
416 3654 610 3721 miseriarum,
634 3651 710 3726 quod
732 3651 902 3710 miserescat
922 3650 1012 3708 miser
1034 3667 1071 3708 esc
1091 3649 1197 3708 animo.

398 3785 658 3853 commiseresoit.
702 3785 784 3851 Rud.
820 3781 1165 3850 lucentissimus
1186 3781 1431 3848 comaniserescot

299 3889 457 3956 mulieris.

400 4026 550 4110 paenitet
595 4026 691 4092 Stich.
726 4025 789 4091 551
825 4024 855 4089 si
883 4025 1028 4090 decoram
1052 4020 1242 4106 paenitebit,
1265 4018 1431 4086 addentur

296 4130 397 4207 dream
418 4130 510 4195 Truc.
531 4130 592 4195 431
618 4132 657 4194 ot
677 4126 795 4211 quoius
817 4147 865 4192 me
887 4146 956 4192 more
975 4127 1147 4209 poeniteat
1167 4121 1431 4202 mittaturmiiri;

298 4235 394 4300 Stich.
418 4236 479 4299 711
501 4232 530 4297 si
552 4231 668 4298 horem
685 4231 844 4314 poenitet.
