3306 5060
1279 350 1341 416 159

356 555 454 643 eopia.
490 554 578 638 Epio.
605 557 667 621 162
687 573 753 620 reon
779 553 838 618 tibi
861 553 1066 620 dormitandi
1088 576 1188 639 noque
1210 554 1388 618 ounotonrli

254 660 395 740 copiast·
416 656 479 721 Mil.
507 658 587 722 1226
610 658 668 720 uiro
686 656 762 738 fuit
786 658 879 740 eopia
903 659 1047 722 adeundi
1064 665 1160 741 atquo
1175 657 1387 738 impetranda

252 759 338 825 Pers,
360 761 424 825 539
446 766 482 823 ut
504 759 564 822 tibi
586 766 669 822 reete
699 759 898 824 conciliandi
927 762 1037 842 primo
1062 759 1210 839 sorerem
1240 760 1386 840 copiam,⁸

252 864 332 928 Rud.
356 864 418 928 765
443 862 603 946 siquidem
625 862 660 924 in
682 862 787 942 sopito
809 869 864 926 tuo
887 863 1057 945 conflandi
1090 863 1213 944 copiast
1239 859 1383 946 (versum

252 967 383 1032 seclusit
414 964 568 1048 Schoell);
601 962 682 1029 Trin.
710 964 792 1029 1131
820 965 993 1046 repetundi
1028 965 1062 1028 iri
1093 965 1233 1046 copiosa·
1265 963 1387 1029 Bacch·

252 1070 314 1134 487
338 1075 374 1132 ut
397 1068 513 1149 opinor
534 1067 627 1130 illius
649 1066 856 1148 inspectandi
878 1069 923 1129 mi
946 1074 1026 1129 esset
1041 1067 1147 1130 maior
1161 1067 1273 1148 oopio;
1295 1064 1385 1148 Capt·

254 1173 316 1237 748
338 1177 375 1233 ut
396 1171 441 1232 mi
463 1170 530 1232 eius
553 1168 663 1242 fooios
685 1169 901 1230 conuenienti
925 1170 1068 1252 eopiom3
1099 1168 1195 1236 Mero.
1217 1169 1282 1236 850
1312 1171 1386 1232 dote

253 1275 288 1337 di
319 1293 434 1359 quaeso
464 1271 683 1334 conueniurroli
712 1271 755 1332 mi
786 1273 854 1334 eius
884 1269 1012 1334 colerem
1036 1273 1170 1353 copiola.
1215 1270 1383 1338 Accedunt

251 1378 429 1460 singulares
453 1374 614 1458 quaedam
635 1374 775 1457 genetivi
797 1374 1072 1442 constructiones:
1101 1373 1194 1438 Truo.
1217 1375 1282 1440 370
1304 1376 1382 1457 quio

253 1484 301 1543 toi
331 1478 465 1546 tridenti
490 1480 627 1559 copiast·
659 1477 692 1540 in
713 1477 777 1543 hoo
799 1478 947 1558 exemplo
970 1476 1297 1542 animadvertendum
1319 1482 1382 1557 est,

251 1575 390 1647 formam
411 1582 445 1645 in
467 1580 540 1641 -ndi
564 1585 735 1645 exeuntem
766 1578 944 1644 adhibitam
978 1596 1060 1660 esse,
1095 1597 1295 1663 quemquam
1331 1579 1381 1642 toi

251 1685 292 1750 de
316 1683 438 1749 femina
465 1682 589 1748 dicitur.
633 1679 764 1746 Dubitat
786 1681 900 1748 Holtze
922 1681 960 1766 (ll
982 1702 1014 1764 p.
1034 1682 1089 1765 54)
1113 1701 1188 1746 oum
1210 1681 1378 1748 Weissen-

250 1787 377 1866 bor‘nio‚
398 1791 507 1850 utrum
522 1785 668 1868 gerundii
685 1785 792 1866 potius
809 1802 908 1867 quam
922 1784 1090 1865 gerundivi
1104 1784 1290 1867 genetivum
1306 1801 1380 1850 esse

251 1889 423 1955 maluerint
436 1887 551 1968 Latini,
574 1906 617 1953 an
638 1886 874 1954 terminationis
897 1888 1000 1969 magis
1023 1903 1121 1969 quam
1144 1904 1304 1969 personae
1326 1904 1380 1951 ra-

248 1994 371 2058 tionem
397 1991 570 2056 habuerint
601 1988 670 2074 (eir.
699 1989 850 2056 Kuehner
872 1989 897 2053 ll
928 1990 947 2074 ἕ
977 1991 1057 2072 132,’;
1080 1989 1142 2074 11).
1186 1988 1297 2055 Simile
1333 1997 1383 2056 est

250 2096 340 2179 Capt.
365 2095 447 2164 1008
481 2095 558 2178 quio
589 2095 633 2156 mi
663 2095 739 2156 item
768 2101 805 2156 ut
833 2100 987 2174 parentes
1011 2091 1092 2156 loen
1116 2095 1176 2156 dos
1200 2094 1313 2156 tuendi
1336 2115 1385 2156 oo·

246 2203 356 2281 piam
388 2216 588 2282 quamquam
619 2197 675 2259 loo
704 2196 790 2278 apud
816 2195 965 2261 Plautum
995 2197 1184 2278 plerumque
1206 2196 1376 2262 masculini

249 2301 376 2383 generis
398 2317 471 2368 esse
493 2298 719 2366 animadvertit
741 2298 831 2364 Loch
852 2298 894 2383 (p.
918 2298 963 2383 i);
987 2297 1077 2382 Capt.
1101 2299 1164 2364 852
1186 2299 1380 2362 nominandi

251 2406 386 2466 istorum
427 2401 487 2467 tibi
522 2403 584 2464 orit
620 2403 723 2484 magis
757 2421 854 2484 quom
892 2401 1015 2464 edundi
1054 2405 1147 2483 copia
1181 2399 1250 2485 (efr.
1283 2399 1382 2464 Brixii

251 2505 324 2571 adn.
347 2505 441 2570 adh.
464 2505 505 2582 1.).
668 2575 673 2590 ,

353 2605 539 2693 exemplum.
582 2604 644 2672 Mil.
666 2606 729 2670 638
761 2612 797 2668 ut
823 2612 903 2686 opat
937 2612 966 2666 te
989 2605 1166 2686 cronopium
1189 2603 1382 2686 experiundi

250 2711 367 2779 habeas
390 2709 603 2796 (experiundo
626 2708 725 2793 Bria).

352 2811 523 2880 exereitus.
568 2810 658 2895 Capi.
691 2811 750 2876 153
782 2812 858 2893 quio
892 2829 977 2872 nuno
1005 2811 1158 2872 remissus
1187 2816 1232 2871 est
1260 2807 1382 2870 edundi

252 2921 424 2983 exercitus.

353 3019 455 3086 flotor.
487 3018 570 3083 Trin.
592 3019 656 3084 366
680 3019 736 3101 qui
757 3037 790 3080 so
805 3017 954 3099 fictorem
970 3014 1109 3098 probum
1125 3015 1213 3077 uitae
1232 3013 1383 3095 oourrdoe

251 3142 318 3185 esse
341 3124 457 3204 repetit
479 3121 646 3204 genetivus
670 3118 849 3184 obieotivus
871 3124 930 3184 est.

353 3223 470 3310 gretia.
515 3222 607 3289 Cure.
630 3223 693 3288 too
721 3222 867 3300 dicundi,
900 3242 963 3283 riou
991 3241 1057 3282 rem
1079 3219 1248 3303 perdendi
1270 3221 1381 3303 oratio

252 3326 328 3389 loeo
350 3333 461 3389 'iratast
484 3325 576 3398 milri.

352 3427 452 3494 leber.
495 3427 609 3494 Pseud.
634 3432 652 3494 6
675 3427 814 3489 duorum
838 3425 943 3488 labori
960 3427 1143 3507 parsissom
1168 3424 1296 3488 lubens:
1318 3425 1381 3486 mei

253 3539 282 3594 to
305 3534 444 3614 rogandi
467 3539 496 3594 ot
519 3533 561 3594 tis
584 3530 799 3612 respondendi
820 3529 899 3592 miii
918 3527 1088 3610 singularis
1103 3532 1153 3593 est
1168 3527 1378 3592 eonstructio.

253 3636 316 3702 Pro
340 3655 437 3716 meo,
460 3640 524 3700 tuo
549 3633 590 3698 ad
614 3633 720 3696 labori
740 3632 849 3697 relatis
869 3631 1080 3715 appositionis
1094 3630 1167 3694 loeo
1184 3629 1225 3693 ad
1242 3629 1379 3691 duorum

253 3739 434 3805 referuntur
454 3736 594 3820 genetivi
617 3737 678 3798 moi
700 3741 732 3802 et
754 3736 812 3813 rut,
835 3735 890 3817 qui
912 3732 1088 3816 possessivi
1107 3738 1183 3796 sunt
1199 3733 1240 3814 (v.
1255 3732 1379 3796 Loreuz

254 3841 348 3906 adh.
370 3841 399 3922 l.,
422 3841 536 3906 Holtze
557 3840 576 3904 l.
598 3840 616 3903 l.
639 3844 671 3904 et
693 3836 747 3903 eir.
769 3845 873 3920 genet.
896 3837 1029 3902 subiect.
1053 3837 1095 3898 tis
1118 3833 1258 3917 opera).

355 3943 453 4008 leone.
497 3941 587 4025 Capi.
609 3942 672 4008 212
700 3943 845 4023 aequiter
867 3939 959 4003 uobis
983 3940 1066 4002 dotis
1089 3937 1240 4020 loquendi
1263 3937 1382 4011 lernou

254 4046 296 4111 lb·
318 4047 475 4214 60Iziltitlo.
518 4146 602 4212 Trin.
636 4147 699 4212 745
731 4145 804 4208 hoio
827 4144 964 4208 ducendi
993 4142 1051 4226 (so.
1073 4138 1220 4225 uxorem)
1256 4141 1380 4204 intereo

256 4252 447 4334 opscossorit
471 4249 592 4312 lubido.
