3312 5060
1296 337 1338 400 29

182 565 185 568 ·
251 551 340 616 ecqua
367 559 445 615 pars
478 541 619 600 orationis
652 541 686 600 de
719 541 764 600 die
797 542 914 601 dubitur
946 543 1030 611 ιιιι“ιι’;
1060 543 1149 602 Truo.
1185 543 1258 618 prol.
1294 543 1308 600 1
1339 560 1380 616 sq.

248 645 430 701 perparuam
458 632 575 701 purtem
604 628 737 700 postulat
770 627 893 686 Plautus
921 629 975 687 tort
1000 628 1034 686 de
1060 629 1165 688 moeris
1196 628 1307 702 moqris
1337 632 1380 686 ot·

251 730 305 788 que
332 713 458 771 amoenis
486 712 650 784 moem'bus,·
678 715 785 788 quibus
815 713 887 771 locis
911 732 989 788 pars
1015 715 1157 789 genetivis
1184 715 1325 772 orationis
1353 722 1382 770 et

254 799 308 857 loci
330 799 450 874 propius
473 799 648 856 terminatur
671 819 759 874 quam
782 800 924 859 ablativis.
959 800 1027 856 Rud
1065 800 1144 857 1077
1169 818 1255 874 reque
1269 802 1382 872 portem

246 901 337 958 poseo
369 884 441 942 milti
465 885 549 942 istinc
576 884 610 942 de
638 884 709 942 t‘stoo
737 885 850 954 vidula·
884 885 1012 943 ablativo
1046 893 1073 941 et
1101 885 1135 942 de
1163 886 1381 961 praepositione

254 969 394 1044 premitur
414 969 517 1028 localis
533 971 632 1027 notio.
658 1006 697 1013 —
720 969 779 1028 Hic
802 969 939 1028 conferas
962 971 1049 1028 velim
1073 971 1160 1027 etiam
1183 971 1247 1030 Mil.
1267 971 1287 1027 8
1306 974 1382 1029 stra·

251 1074 313 1130 pem
335 1056 432 1128 faeere
455 1073 491 1114 eu
513 1055 649 1114 hostibus.
1108 1101 1109 1104 ,

356 1141 416 1198 Pro
440 1143 578 1217 genetivo
612 1141 775 1218 appositive
809 1140 931 1216 adiungi
961 1142 1182 1200 substantivum
1210 1153 1237 1198 et
1263 1140 1403 1218 Loeh1),

252 1234 282 1283 et
303 1224 414 1284 Schaaf
423 1225 450 1303 ²)
473 1228 581 1301 aliique
602 1227 710 1284 docent
730 1227 775 1284 his
790 1227 875 1286 loeis:
901 1227 986 1302 Capt.
1003 1225 1063 1288 232
1081 1245 1149 1286 tram
1164 1227 1229 1299 fere
1244 1244 1382 1286 maxumo

252 1329 327 1385 pars
349 1331 456 1370 morem
477 1313 550 1371 ituree
573 1312 700 1371 homiues
721 1313 832 1380 huberti,
861 1332 949 1387 quam
975 1314 1107 1370 codicum
1131 1314 1289 1372 lectionem
1312 1313 1382 1369 leni-

253 1407 297 1454 ter
331 1407 474 1456 mutatam
507 1402 658 1472 (maxuma
687 1399 759 1456 harro
781 1401 869 1472 pars)
900 1395 1031 1455 defendit
1057 1397 1138 1456 Brix.
1184 1399 1246 1454 Mil.
1270 1398 1310 1455 93
1338 1417 1380 1472 sq.

253 1484 349 1558 itaque
378 1484 422 1541 hie
451 1485 621 1554 meretrices,
651 1485 736 1543 labiis
766 1482 833 1542 dum
860 1483 978 1542 duriori
1003 1503 1074 1552 eum,
1103 1484 1242 1542 oratorem
1269 1488 1382 1557 partem

252 1569 354 1628 uideas
380 1570 474 1643 aalys
501 1570 602 1630 soniis
648 1567 920 1626 Eteonferuntet
893 1570 977 1626 etiam
1001 1571 1089 1626 Most.
1118 1570 1155 1627 19
1180 1569 1296 1642 aupebts
1318 1569 1384 1628 rari

253 1673 410 1725 numeram,
433 1673 520 1754 penas
542 1656 675 1727 ferrutt'le
702 1656 749 1728 (de
772 1675 831 1730 quo
854 1675 882 1711 v.
907 1675 996 1730 supra
1019 1655 1175 1730 tuameres).
1221 1653 1309 1726 Quod
1332 1675 1382 1712 au-

253 1750 311 1797 tem
340 1743 376 1798 ad
404 1743 534 1816 primum
563 1742 636 1798 illud
664 1744 830 1816 exemplum
860 1743 970 1814 attinet,
1006 1739 1127 1816 negavit
1153 1741 1265 1817 Ussing
1292 1742 1341 1798 la
1321 1750 1382 1798 me

252 1827 312 1883 dici
333 1845 421 1902 posse
447 1827 599 1902 „homines
623 1828 751 1884 maxima
772 1830 856 1902 pars“
881 1845 936 1901 pro
961 1825 1134 1900 „hominnm
1150 1827 1278 1884 maxima
1293 1830 1379 1902 pars‘·

255 1912 378 1987 ideoque
401 1913 526 1971 homines
547 1914 668 1988 delevit;
693 1913 741 1969 oui
765 1914 906 1970 adsensus
929 1910 1045 1970 Sehoell
1067 1914 1198 1971 martimo
1216 1930 1292 1986 pars
1312 1914 1382 1970 omi-

254 2000 302 2071 sit,
325 1999 450 2056 retinuit
471 1999 604 2058 homines,
641 1998 779 2058 Ceterum
803 2017 904 2056 versus
928 2000 1062 2056 codicum
1087 2017 1152 2055 cum
1177 1999 1276 2055 minus
1299 1999 1383 2056 cadat

254 2103 422 2157 numerose,
450 2086 539 2142 variis
567 2085 661 2142 modis
684 2087 719 2141 ab
744 2083 906 2142 editoribus
928 2085 1101 2141 emendatus
1124 2093 1168 2142 est
1190 2086 1232 2157 (v,
1255 2085 1380 2158 append.

256 2169 293 2225 ad
321 2169 349 2226 h.
372 2171 392 2226 i.
415 2173 447 2227 in
478 2168 606 2227 editione
637 2167 797 2246 Sohoellii).
842 2170 947 2226 Altero
981 2177 1081 2228 autem
1113 2170 1178 2227 looo
1212 2189 1301 2244 quem
1335 2171 1382 2226 ad·
1399 2163 1414 2170 ”

256 2254 355 2312 ferunt
377 2254 440 2312 Mil.
464 2255 571 2330 93sq.
595 2253 670 2311 nihil
692 2274 799 2312 causae
821 2265 874 2329 est,
898 2275 950 2313 eur
973 2257 1188 2330 appositionem
1209 2265 1381 2329 statuamus

255 2357 324 2397 oum
347 2340 485 2397 rariorem
506 2344 618 2412 partem
640 2341 709 2396 item
732 2347 768 2397 ut
788 2359 922 2413 mapsam
942 2345 1065 2414 purtem,
1086 2341 1245 2400 martimum
1255 2346 1381 2415 purtem,

258 2423 373 2496 similia,
403 2442 456 2498 pro
488 2425 653 2481 accusativo
680 2425 831 2482 relationis
854 2426 915 2482 sive
938 2433 1088 2501 respectus
1111 2429 1163 2501 qui
1186 2437 1312 2486 vocatur
1333 2447 1383 2503 po-

257 2507 316 2563 tius
343 2507 514 2566 hahendam
541 2510 579 2566 sit
586 2529 592 2582 ;
628 2528 808 2584 quamquam
837 2511 940 2585 negari
968 2513 1069 2585 nequit
1097 2513 1260 2571 meretrices
1289 2514 1383 2570 verbis

255 2599 535 2757 mappulmssprtem
565 2595 611 2652 hio
639 2597 772 2670 proxime
803 2596 927 2671 spectari
956 2593 1022 2674 (afr.
1049 2596 1123 2654 Brix
1146 2599 1182 2654 ad
1212 2597 1296 2674 Capt.
1320 2599 1380 2656 421

254 2688 284 2736 et
343 2700 373 2736 1.
454 2725 460 2738 .

330 2811 517 2897 'poculum
562 2814 653 2878 Truo.
682 2814 724 2877 43
754 2813 783 2876 st‘
814 2813 908 2878 semel
937 2814 1058 2878 umoris
1082 2815 1237 2897 portulam
1268 2818 1387 2899 aceepit

257 2913 336 2978 meri
360 2915 427 2998 (oft.
452 2935 550 2998 supra
572 2915 707 2980 aedttioe
729 2916 888 3002 cyathus).

357 3017 454 3102 potio.
499 3018 595 3084 Stioh.
612 3021 674 3085 213
690 3024 768 3100 quot
777 3021 924 3102 potiones
938 3021 1044 3100 mttlsr',
1062 3043 1144 3104 ptrue
1160 3026 1268 3087 uatem
1279 3042 1385 3104 prau-

249 3119 321 3206 dr'a,
345 3139 427 3200 quoe
450 3121 538 3184 inter
560 3123 748 3187 continuom
765 3125 897 3204 perdidi
920 3126 1118 3205 triennium
1141 3127 1196 3208 qui
1218 3127 1385 3208 genetivus

254 3243 275 3287 a
303 3223 425 3288 Loohio
455 3225 538 3289 inter
565 3228 732 3306 genetivos
764 3229 918 3293 materiae
941 3230 1061 3293 relatus
1085 3230 1195 3293 neseio
1214 3239 1261 3292 'an
1283 3231 1385 3311 magis

255 3327 366 3390 similis
389 3328 430 3390 sit
453 3329 676 3409 genetivorum
699 3329 942 3394 obieotivorum.

356 3427 472 3514 pondo.
517 3430 609 3494 Truo.
640 3432 702 3495 913
723 3430 803 3512 pias
829 3432 931 3495 decem
953 3432 1011 3514 pol
1027 3433 1137 3515 pondo
1162 3434 1283 3498 amoris
1300 3455 1386 3516 putt-

255 3529 396 3612 st'ilr'sper
412 3524 589 3617 peratum).

234 3699 237 3709 ,
357 3633 523 3718 reliquiae.
567 3636 647 3699 Rud.
674 3638 733 3701 199
757 3655 804 3698 em
827 3634 904 3700 haee
926 3635 995 3700 eius
1017 3641 1098 3700 strat
1119 3636 1274 3722 torreat)
1299 3638 1385 3703 relli-

221 3729 227 3736 ⁴
253 3738 368 3816 quium
402 3736 494 3803 Cure.
517 3740 578 3804 388
608 3737 664 3802 ubi
692 3737 908 3820 redimitorum
931 3739 1088 3820 reliqueras
1110 3741 1320 3805 reconderem.
1343 3761 1385 3789 ·—

358 3995 412 4062 ¹)·

357 4167 377 4231 ³)

396 4164 461 4218 ouri
479 4180 571 4217 riorus
588 4166 682 4234 Bothe,
701 4170 774 4219 ιιιιιισ
791 4166 855 4219 oriri
873 4167 972 4236 Ussing
957 4168 1024 4237 ‹r.(v
1045 4169 1103 4220 eius
1123 4165 1282 4234 comment..)

360 4080 416 4147 ²·)

358 4249 378 4316 ⁴)
396 4250 437 4301 De
455 4265 486 4301 su
489 4249 553 4302 sfixo
575 4267 598 4302 v.
619 4267 701 4318 supra
719 4268 744 4318 p
763 4253 787 4302 9.
