3312 5060
315 333 348 378 Vl

274 503 332 566 tioi
359 499 495 566 Rudcns
523 499 704 566 Pseudolus
730 491 935 565 Menaechmi
956 497 1090 564 *Casino
1111 498 1221 581 Mile-⁹3
1241 501 1275 566 in
1297 499 1400 566 Persa

272 620 382 688 labda
404 621 512 705 priore
537 619 678 687 editione
700 639 773 685 sum
794 638 885 685 usus.
929 619 1021 700 Quae
1043 625 1167 686 restant
1188 619 1399 702 188818888-

273 759 346 806 rnm
378 758 418 807 ex
447 740 638 806 recensione
665 740 858 806 Lorenzii
887 738 1104 805 illoetetloriae
1125 741 1301 806 editionem
1323 741 1400 807 alte·

273 879 345 926 rem
379 860 533 945 (Berolini
565 859 670 945 1883),
701 879 741 926 ex
770 858 959 942 Ussingii
992 858 1210 924 Oisteltoriom
1239 859 1399 944 (Hauniae

274 979 370 1065 1887)
392 986 523 1046 secutus
543 999 624 1044 sum.
1299 989 1301 994 ’

377 1098 528 1164 Ceterum
551 1099 718 1182 diligenter
740 1099 889 1164 consului
910 1099 971 1164 has
993 1099 1167 1166 editiones:

375 1219 409 1283 T.
431 1219 558 1284 Macci
587 1219 719 1284 Plauti
750 1220 1003 1300 comoediae,
1027 1220 1190 1285 recensuit
1213 1228 1245 1285 et
1267 1239 1399 1285 enarre·

272 1341 319 1404 vit
340 1339 368 1405 J.
390 1340 422 1403 L.
445 1340 598 1422 Ussing
624 1339 783 1425 (Hauniae
819 1339 1042 1419 teto-lesu
1064 1338 1165 1404 Miles
1185 1339 1345 1421 utoriosus
1366 1346 1399 1403 et

274 1457 439 1524 Mercator
459 1459 509 1525 ed.
531 1459 634 1525 altera
656 1478 685 1523 8.
711 1458 816 1545 1891).

376 1578 605 1661 Ausgewo'hlte
642 1579 824 1646 Komddien
861 1579 919 1645 des
953 1579 987 1644 Τ.
1016 1578 1057 1644 Μ.
1087 1579 1229 1659 Plautus,
1257 1578 1308 1644 fiir
1336 1579 1400 1644 den

272 1697 536 1782 suurgenraucn
550 1673 678 1765 ‘eruut
699 1719 765 1765 von
788 1699 921 1765 Julius
943 1701 1054 1766 mix:
1077 1699 1281 1764 Menaechmi
1294 1699 1400 1781 (nerp-

277 1819 329 1900 zig
353 1819 458 1903 1880),
484 1818 697 1883 Trinummus
716 1819 859 1902 (Leipzig
878 1820 982 1902 1879),
998 1818 1100 1882 Miles
1113 1819 1268 1900 ytoriosus
1283 1817 1400 1901 (Leipz.

278 1938 383 2021 1883),
409 1937 539 2018 Captivi
560 1939 679 2022 (Leipz.
704 1939 809 2024 1884).

375 2058 421 2122 Ex
443 2058 589 2123 Lorenzii
612 2057 753 2124 editione
775 2063 905 2140 praeter
927 2056 1155 2123 Mostellarinm
1182 2055 1321 2120 Militem
1333 2056 1401 2139 ylo-

272 2179 396 2242 rr‘osum
419 2176 539 2260 (Berlin
563 2177 669 2262 1886),
692 2175 889 2241 Pseudolum
910 2176 1031 2260 (Berlin
1055 2174 1153 2261 1876)
1174 2175 1314 2240 adhibui.

376 2297 423 2362 De
445 2299 561 2363 ceteris
584 2297 673 2362 libris
696 2298 763 2362 suis
786 2298 867 2362 locis
889 2297 1089 2362 mentionem
1111 2295 1238 2361 inciam.

376 2415 509 2482 Multum
540 2436 592 2482 me
615 2419 648 2482 in
670 2418 735 2484 hoc
758 2435 857 2500 opere
879 2417 1024 2482 adiutum
1048 2435 1121 2482 esse
1142 2417 1282 2500 ingenue
1303 2417 1399 2499 proii-

272 2544 344 2602 teor
366 2543 398 2601 et
421 2537 462 2602 ab
485 2537 524 2602 iis
548 2557 630 2620 quos
653 2546 730 2604 ente
752 2556 805 2602 me
828 2537 868 2602 de
889 2538 1039 2620 genetivo
1062 2536 1210 2602 Plautino
1232 2538 1399 2620 scripsisse

273 2657 348 2735 dixi,
377 2675 577 2742 quemquam
604 2659 800 2741 aliquotiens
822 2657 864 2722 ab
887 2657 927 2720 iis
948 2657 1079 2737 recessi,
1103 2663 1136 2722 et
1157 2658 1197 2721 iis
1219 2674 1303 2739 quae
1325 2674 1344 2719 8
1365 2654 1399 2717 P.

272 2777 427 2858 Langeno
455 2784 488 2843 et
517 2778 551 2842 in
580 2778 696 2843 studiis
730 2776 1018 2842 Studemuudiunis
1045 2777 1085 2843 de
1114 2777 1220 2842 Plauti
1249 2791 1400 2840 sermone

272 2897 437 2979 disputata
460 2904 543 2963 sunt.
