3312 5060
1336 435 1357 478 V

274 607 379 671 lucem
401 611 550 688 putarem
571 603 705 670 adferre.
738 604 844 669 Etiam
865 604 1047 686 insingulis
1062 604 1285 686 genetivornm
1301 618 1401 685 gens-

274 725 362 808 ribns
385 725 628 805 constituendis,
652 706 736 808 qnae
759 725 889 808 quidem
911 731 961 791 est
982 742 1035 796 res
1050 723 1174 789 lubrica
1189 722 1399 806 difficilisque,

263 845 560 934 ‚grammaticorum
580 843 771 925 rationibus,
788 844 923 918 diversis
938 845 1130 927 praesertim
1151 851 1183 910 et
1204 842 1319 923 dubiis
1334 861 1401 908 non

275 983 404 1047 semper
419 965 566 1047 acquievi
582 970 615 1031 et
630 964 707 1046 qnid
721 983 834 1028 verum
851 969 946 1046 esset,
963 963 1400 1046 quid.‚,simplexetul1um“‚

274 1085 369 1150 nteit
385 1085 546 1164 Horatius
564 1085 748 1166 excogitare
762 1085 832 1166 ipse
848 1090 985 1148 conatus
1002 1103 1082 1149 sum.
1116 1083 1188 1175 Qua
1202 1083 1235 1146 in
1251 1101 1286 1148 re
1302 1083 1401 1148 nihilo

276 1205 392 1284 minus,
424 1211 480 1268 aut
502 1223 563 1286 ego
590 1205 717 1286 egregie
746 1203 848 1283 fallor,
872 1210 905 1270 et
928 1203 1151 1270 commoditati
1173 1203 1347 1286 legentium
1370 1211 1403 1269 et

277 1324 499 1407 perspicuitati
521 1325 601 1388 satis
624 1324 806 1389 consultum
830 1331 888 1389 est.
933 1323 1009 1407 Utut
1038 1341 1073 1388 se
1103 1324 1184 1388 haec
1213 1341 1266 1389 res
1293 1321 1401 1399 habet,

276 1464 344 1510 non
373 1443 467 1510 facile
497 1444 529 1508 id
559 1444 763 1510 committere
789 1444 821 1508 in
846 1445 988 1509 animum
1013 1443 1132 1523 induxi,
1156 1451 1190 1507 nt
1211 1461 1265 1508 res
1287 1461 1346 1524 per
1367 1461 1403 1506 se

276 1564 453 1628 simillimas
484 1564 709 1645 disiungerem‚
737 1564 834 1628 modo
848 1583 905 1637 „ne
935 1564 1175 1634 adnominalern
1197 1564 1284 1627 illam
1306 1581 1403 1644 gene-

275 1684 332 1749 tivi
362 1684 609 1766 explicationem
638 1683 811 1762 laederem,
835 1703 933 1767 quam
957 1684 1012 1766 qui
1033 1684 1210 1765 probarent
1232 1683 1403 1748 dissimilli-

277 1821 331 1868 ma
353 1822 502 1887 quaeque
523 1804 556 1867 in
577 1823 678 1885 unum
701 1821 818 1885 cogere
841 1820 1085 1886 nonnumquam
1108 1803 1269 1868 vidissem.

381 2043 538 2124 Prologus
561 2042 741 2108 tabularum
765 2043 868 2110 Plauti
892 2061 1006 2116 omnes
1029 2044 1071 2108 ad
1093 2044 1260 2125 genetivus
1283 2044 1404 2110 descri-

278 2162 402 2228 bendos
425 2163 565 2244 adhibui,
589 2164 778 2246 praesertim
808 2184 881 2229 cnm
912 2166 967 2246 qni
989 2163 1094 2228 Plauti
1116 2170 1234 2241 essent,
1261 2165 1316 2246 qui
1339 2183 1405 2228 non

186 2351 189 2358 ,
277 2291 386 2363 essent
408 2284 543 2364 prologi,
567 2303 632 2348 non
655 2285 735 2360 satis
758 2285 924 2366 cognitum
947 2284 1113 2351 crederem
1136 2291 1167 2351 et
1190 2304 1229 2349 ex
1248 2285 1320 2366 ipsa
1335 2303 1406 2349 om-

280 2403 369 2465 nium
391 2404 614 2483 genetivorum
630 2405 880 2486 'comparatione
903 2404 1106 2487 aliquatenus
1129 2405 1284 2486 cognosci
1309 2425 1406 2487 posse
1492 2467 1495 2472 .

281 2520 451 2584 videretur.
495 2521 690 2602 Fragmenta
712 2531 822 2588 autem
844 2525 956 2588 omnia
979 2532 1013 2588 nt
1035 2524 1229 2606 colligerem,
1246 2525 1324 2589 mihi
1340 2545 1406 2590 non

281 2639 455 2720 contigisse
486 2641 589 2705 doleo.
634 2639 773 2706 Omnino
796 2649 828 2706 et
855 2641 954 2708 libros
977 2645 1055 2708 mihi
1078 2645 1238 2726 quosdam
1268 2644 1407 2710 defuisse

268 2765 313 2838 ¹et
344 2761 444 2825 multa
472 2779 524 2836 me
552 2760 671 2843 fugisse
695 2761 788 2829 facile
811 2764 958 2846 ignoscet
980 2765 1035 2848 qni
1057 2765 1185 2846 penitus
1208 2767 1406 2846 perspexerit

280 2879 379 2945 totius
403 2881 761 2962 operisdilficultatem.
806 2953 808 2956 ,

383 3238 419 3300 ln
441 3239 520 3302 locis
542 3239 698 3304 Plautinis
728 3241 910 3308 adferendis
933 3243 983 3306 his
1004 3263 1082 3307 usus
1106 3263 1177 3307 sum
1201 3245 1408 3310 editionibus:

384 3355 418 3418 T.
452 3355 585 3420 Macci
618 3356 748 3422 Plauti
785 3359 1049 3442 Comoedias,
1083 3365 1256 3444 recensuit,
1290 3365 1410 3430 instru-

282 3483 393 3539 mento
417 3477 529 3540 critico
552 3482 585 3541 et
599 3477 837 3558 prolegomenis
853 3481 940 3543 auxil
957 3481 1047 3548 Frid
1059 3485 1198 3548 ericus
1222 3485 1410 3550 Ritsche·

282 3595 378 3675 liuS,
402 3596 501 3660 sociis
525 3615 645 3678 operae
660 3598 840 3680 adsumptis
857 3598 1037 3666 Gustare
1061 3603 1212 3684 Loewe,
1238 3603 1411 3687 Georgia

284 3712 424 3796 Gesta,
447 3716 651 3782 Friderico
675 3717 848 3784 Schoell.
881 3719 978 3784 Cuius
1003 3723 1110 3802 operis
1134 3724 1308 3790 editionem
1332 3726 1411 3791 alte-

282 3854 353 3900 ram
384 3837 588 3920 (Triarrnrmi
615 3840 758 3918 tertiam)
789 3847 920 3905 secutus
947 3861 1030 3921 sum,
1060 3844 1241 3924 aLoewio,
1267 3846 1412 3926 Goetzio,

288 3954 449 4023 Schoellio
472 3960 683 4041 recognitam,
706 3967 783 4027 tom.
807 3961 828 4041 l,
852 3962 885 4042 ll,
910 3962 958 4042 lll,
982 3962 1024 4027 lV
1046 3963 1136 4048 (lese.
1159 3965 1263 4049 l-ll),
1288 3967 1413 4048 Lipsiae

291 4077 510 4157 1878-1890,
539 4079 656 4161 quibus
686 4082 905 4162 septendecim
935 4084 1141 4150 continentur
1169 4085 1312 4151 sahulao:
1343 4086 1413 4150 Tri·

286 4216 438 4262 summam
471 4196 632 4280 Epidicus
659 4196 811 4266 Carmelio
838 4201 1002 4266 Asinaria
1033 4204 1250 4269 Tramlcntns
1272 4205 1415 4270 Aulula·

290 4319 342 4380 ria
366 4316 559 4398 Amphitruo
588 4318 752 4384 Mercator
773 4319 904 4386 Stichus
935 4321 1097 4388 Poenulus
1127 4322 1304 4388 Bacchides
1330 4326 1414 4406 Gap·
