3306 5060
463 1147 773 1250 Genetivus
819 1155 1127 1278 respectus,

334 1411 527 1479 Genetivum
560 1415 730 1481 relativum
763 1417 849 1500 apud
881 1415 1007 1497 priseos
1039 1413 1215 1495 scriptores
1240 1411 1359 1477 latinos
1396 1433 1403 1436 ’

229 1522 320 1581 reete
352 1535 427 1582 mea
460 1517 592 1600 quidem
624 1519 785 1584 sententia
813 1518 927 1583 statuit
956 1517 1052 1582 Loch.
1094 1517 1243 1599 Namque
1272 1515 1358 1597 apud

139 1613 153 1632 '
230 1619 381 1684 Plautum
413 1639 480 1685 non
512 1639 618 1703 pauca
651 1621 857 1687 inveniuntur
885 1620 1042 1702 exempla,
1065 1620 1098 1682 in
1121 1618 1237 1702 quibus
1259 1636 1358 1700 gene-

229 1724 316 1788 tivus
350 1740 389 1787 ex
411 1721 519 1787 verbis
542 1723 773 1807 adiectivisque
795 1723 940 1806 pendens
963 1723 1009 1786 ita
1030 1728 1213 1804 usurpatur,
1236 1726 1271 1784 ut
1293 1739 1358 1803 qua

231 1827 265 1892 in
286 1845 322 1892 re
348 1827 387 1892 de
409 1846 444 1893 re
467 1827 609 1910 quadam
631 1827 682 1893 vel
703 1845 845 1911 persona
867 1826 943 1909 quid
966 1825 1101 1905 dicatur,
1124 1823 1293 1906 significet3
1306 1826 1359 1889 oui

233 1930 306 1995 usui
326 1931 467 2012 genetivi
488 1931 663 2014 respondet
678 1930 836 1998 ablativus
853 1930 908 2013 qui
923 1935 1059 1995 vocatur
1073 1934 1248 2013 respectus.
1280 1927 1359 1992 Fre-

232 2034 466 2118 quentissimus
488 2039 598 2100 autem
620 2035 737 2100 horum
759 2034 984 2116 genetivorum
1003 2040 1053 2098 est
1067 2032 1359 2114 genetivusuru'mi,

233 2156 332 2220 quem
354 2137 446 2201 multi
467 2156 526 2219 pro
549 2138 689 2203 looativo
712 2143 768 2202 aut
790 2137 931 2202 ablativo
954 2135 1121 2221 habeut1).
1158 2136 1264 2219 Atque
1286 2135 1360 2200 Del-

232 2239 354 2304 brueek
367 2239 392 2323 2)
427 2257 501 2306 eam
533 2241 737 2323 potissimum
769 2239 811 2306 ob
846 2259 915 2305 rem
948 2239 1124 2305 looativum
1153 2239 1360 2303 statuendum

228 2361 302 2408 esse
333 2343 467 2424 censuit,
491 2343 579 2426 quod
608 2343 724 2409 eodem
757 2361 855 2409 sensu
882 2361 941 2426 pro
964 2343 1114 2424 genetivo
1136 2343 1268 2426 pluralis
1289 2343 1360 2404 uai-

235 2465 364 2523 morum,
399 2447 455 2528 qui
487 2464 649 2529 nusquam
682 2447 852 2528 iuvenitur,
887 2465 1015 2528 semper
1052 2444 1211 2509 ablativus
1243 2444 1361 2508 animis

229 2549 360 2632 ponitur
387 2549 455 2633 (eir.
480 2549 659 2616 Corinthi
681 2556 714 2614 et
735 2549 964 2634 Syracusis).
1008 2548 1102 2630 Quod
1124 2548 1152 2612 si
1172 2566 1285 2613 verum
1307 2565 1359 2614 es-

230 2657 281 2717 set
314 2652 488 2717 locativum
522 2653 563 2717 ab
596 2653 688 2719 initio
715 2652 815 2718 fuisse
846 2653 956 2731 uairni,
980 2653 1035 2735 qui
1056 2651 1152 2714 huius
1174 2651 1263 2716 modi
1284 2655 1359 2714 sunt

228 2755 298 2820 veri
331 2756 479 2837 genetivi,
513 2757 633 2832 mentia,
667 2757 827 2834 sermonis
862 2755 915 2820 alii
948 2773 987 2819 ex
1019 2753 1172 2834 analogia
1197 2753 1359 2818 exstitisse

230 2855 365 2940 putandi
398 2866 500 2940 erant,
534 2865 707 2941 postquam
741 2859 916 2932 obscurata
948 2858 1087 2922 looativa
1120 2861 1238 2920 natura
1259 2855 1360 2918 animi

230 2980 289 3043 pro
324 2981 402 3027 vero
435 2963 585 3044 genetivo
618 2961 731 3028 haberi
764 2970 915 3045 coeptum
946 2968 1040 3027 esset.
1084 2959 1149 3026 Sed
1171 2959 1265 3024 nullis
1288 2977 1358 3024 eer-

229 3067 272 3130 tis
305 3065 501 3131 testimoniis
534 3066 598 3130 hoe
620 3064 725 3131 evinei
746 3072 866 3148 potest;
888 3084 968 3130 nam
991 3065 1078 3149 quod
1100 3083 1159 3147 pro
1182 3063 1360 3126 animorum

231 3169 362 3250 ponitur
383 3168 509 3246 animis,
532 3167 564 3230 id
587 3168 709 3232 nullam
731 3167 892 3250 probandi
913 3169 979 3231 vim
1001 3167 1109 3248 habet,
1133 3186 1208 3232 oum
1230 3167 1258 3230 is
1272 3167 1360 3232 haud

232 3271 302 3336 scio
326 3289 368 3335 an
391 3271 499 3353 potius
522 3270 683 3336 ablativus
705 3277 872 3354 respectus
896 3271 937 3335 sit
955 3271 1135 3352 habendus,
1148 3270 1204 3354 qui
1217 3289 1255 3336 ex
1266 3289 1363 3354 sepa·

232 3374 339 3440 rativa
372 3376 506 3440 notione
539 3375 581 3438 sit
612 3373 785 3457 proiectus,
815 3393 883 3439 non
906 3393 946 3439 ex
967 3374 1274 3440 loeatiro-ablativo.
1317 3375 1364 3439 lix

236 3477 421 3558 separativa
442 3478 528 3542 enim
552 3477 786 3560 significatione
808 3477 894 3541 huno
915 3495 1010 3541 usum
1032 3476 1126 3544 facile
1148 3497 1245 3560 posse
1259 3478 1363 3559 repeti

230 3578 351 3645 docent
383 3581 531 3664 exempla
564 3580 602 3643 ab
636 3582 741 3644 antino
773 3600 876 3662 uapor,
900 3580 1027 3644 similia.
1070 3580 1182 3663 Neque
1203 3580 1362 3646 verisimi-

230 3681 293 3746 lius
325 3682 358 3746 id
393 3688 452 3764 est,
486 3684 573 3766 quod
600 3683 767 3750 contendit
788 3683 940 3766 Draeger,
964 3684 1050 3748 huno
1073 3702 1167 3747 usum
1190 3701 1230 3747 ex
1252 3682 1362 3748 adiee-

230 3784 306 3849 tivis
328 3785 479 3851 allectum
503 3788 756 3869 exprimentibus
779 3787 820 3851 ad
843 3786 944 3853 verba
965 3787 1099 3852 notione
1122 3786 1239 3850 similia
1253 3791 1361 3850 trans-

232 3887 335 3952 latum
356 3907 429 3955 esse
451 3887 499 3974 (ut
520 3892 648 3970 anulus,
670 3891 758 3972 oapi,
781 3894 854 3973 oet.)
895 3891 919 3954 E
943 3890 1106 3955 contrario
1129 3889 1158 3953 si
1178 3889 1240 3954 hos
1261 3908 1360 3970 geue·

333 4079 354 4146 1)
371 4077 494 4146 Draeger
511 4077 530 4130 l.
548 4095 570 4131 e.
588 4079 604 4148 ἕ
623 4079 680 4148 206,
699 4081 724 4131 5.

333 4165 354 4232 ¹)
379 4164 612 4219 Abl.·Loe.-Instr.
630 4164 668 4217 im
680 4164 878 4230 Altindisehen,
892 4162 1092 4233 Lateinisehen‚
1103 4161 1296 4216 Grieehischen
1305 4161 1360 4214 und

231 4247 388 4302 Deutsehen
405 4250 508 4316 (Berlin
526 4251 604 4318 1867)
621 4265 648 4318 p.
666 4250 707 4302 31.

1240 4368 1255 4418 7
