3312 5060
1287 366 1325 431 11

242 570 370 635 tricium
384 571 421 656 ¹);
454 571 548 637 Most.
583 573 644 637 190
676 579 848 650 matronae,
882 592 944 634 acu
967 571 1221 648 meretriciumcl5
1254 571 1370 654 quibus

241 675 322 740 locis
344 673 483 739 formam
506 675 715 738 meretricium
737 694 796 758 pro
819 675 969 757 genetivo
992 673 1186 739 substantivi
1200 676 1371 738 meretricis

242 776 363 844 habere
396 795 503 860 neque
535 795 670 843 necesse
698 783 755 853 est,
783 778 811 841 si
833 776 1015 843 sententiae
1036 775 1174 842 habetur
1195 777 1289 858 ratio,
1311 796 1369 843 ne·

244 898 305 963 que
327 880 509 960 verisimile,
533 899 608 944 cum
629 879 773 962 pluribus
794 879 875 944 locis
898 880 1083 962 genetivum
1105 879 1201 944 huius
1220 879 1370 946 vocabuli

241 984 436 1046 meretricum
458 1001 530 1048 esse
553 989 681 1048 constet
713 981 781 1063 (cir.
813 982 931 1050 Bacch.
961 983 1024 1048 563
1045 984 1241 1046 meretricum
1263 985 1371 1066 copim

241 1085 329 1169 Epid.
344 1087 407 1150 213
421 1087 617 1148 meretricum
641 1103 808 1164 numerum*
830 1085 922 1151 Truc.
938 1085 1001 1149 889
1016 1085 1139 1166 alariae
1152 1086 1370 1169 meretricum).

243 1187 306 1254 Pro
329 1206 406 1252 vera
428 1188 569 1270 genetivi
590 1187 696 1252 forma
713 1188 937 1269 familiarium
958 1187 1103 1252 nonnulli
1126 1188 1256 1254 codices
1270 1188 1370 1253 inter-

243 1291 320 1356 dum
351 1289 509 1372 praebent
535 1290 755 1372 familiarum.
799 1288 861 1354 Mil.
894 1290 958 1354 262
980 1295 1013 1356 et
1035 1291 1097 1354 278
1119 1290 1205 1356 hanc
1232 1289 1368 1356 formam

243 1392 333 1474 BCD,
367 1394 454 1458 illam
488 1393 516 1457 A
550 1393 658 1458 habet.
702 1391 825 1458 Contra
855 1391 949 1457 Most.
973 1394 1014 1456 82
1032 1412 1210 1473 paucorum
1231 1413 1370 1456 mausum

241 1504 315 1560 sual
346 1499 473 1560 relictae
505 1497 659 1581 reliquiae
692 1504 780 1561 vera‘
803 1497 899 1561 lectio
933 1502 992 1576 est,
1026 1515 1093 1562 non
1126 1497 1280 1560 meusium
1309 1516 1370 1563 nec

242 1621 413 1678 rucusuum,
427 1601 514 1684 quod
526 1601 657 1683 quidam
670 1600 800 1665 codices
811 1599 969 1682 praebent
978 1599 1014 1677 2).
1037 1597 1171 1665 Ceteras
1185 1599 1369 1665 huiusmodi

242 1701 375 1782 formas,
409 1721 493 1785 quae
527 1722 593 1768 non
615 1709 691 1766 sunt
713 1720 847 1784 paucae,
872 1702 924 1766 hio
947 1720 1139 1768 enumerare
1161 1703 1367 1784 supersedeo,

243 1825 317 1872 cum
340 1807 447 1888 aptius
470 1806 547 1870 mihi
568 1807 674 1871 visum
695 1806 735 1870 sit
752 1823 809 1870 eas
824 1806 909 1870 inter
924 1805 1081 1871 lectiones
1095 1806 1205 1871 varias
1219 1812 1369 1873 tractare.

344 1927 432 1974 -rum
464 1908 622 1991 suffixum,
658 1909 746 1991 quod
767 1909 801 1973 in
823 1909 936 1990 prima,
960 1909 1112 1990 secunda,
1137 1909 1250 1992 quinta
1272 1909 1370 1976 decli-

132 2069 142 2092 ,
242 2011 375 2077 natione
396 2012 547 2093 genetivo
580 2012 695 2092 plurali
724 2011 866 2092 inservit,
890 2011 968 2075 nihil
991 2010 1057 2076 iere
1079 2011 1177 2076 babet
1199 2013 1369 2093 singulare,

242 2115 303 2178 nisi
337 2114 425 2197 quod
458 2115 492 2178 in
525 2114 639 2197 quinta
672 2113 888 2178 declinatione
919 2101 995 2178 rar‘o
1029 2121 1202 2195 usurpatur
1236 2116 1282 2194 (in
1303 2134 1369 2179 uno

243 2217 445 2282 substantivo
467 2237 574 2279 rerum
596 2217 683 2299 apud
705 2215 867 2300 Plautum)
883 2222 917 2282 et
931 2234 1176 2299 nonnumquam
1193 2218 1227 2282 in
1240 2219 1370 2282 tertiam

244 2337 374 2401 quoque
406 2321 533 2384 invasit.
577 2319 671 2402 Apud
703 2319 854 2384 Plautum
888 2319 975 2386 enim
1007 2320 1163 2403 scriptum
1192 2325 1241 2384 est
1272 2319 1370 2385 Poen.

246 2421 310 2484 314
326 2421 416 2502 plcui
437 2423 519 2486 oculi
540 2423 702 2486 sorderum
725 2424 759 2486 in
782 2423 852 2486 cod.
875 2422 912 2502 A,
937 2423 1038 2487 ceteri
1060 2423 1228 2485 sorderuut
1249 2421 1370 2488 habent

245 2521 398 2608 (sardicam
419 2524 472 2605 Z);
503 2527 667 2588 sardarum
690 2526 818 2608 scripsit
842 2524 991 2607 Geppert.
1033 2525 1126 2589 Truc.
1148 2527 1209 2590 307
1233 2525 1369 2588 duarum

243 2646 393 2688 uuccrum
413 2628 534 2692 creduil
555 2647 615 2711 pro
637 2649 744 2691 rerum
766 2628 866 2693 edidit
887 2627 1016 2693 Schoell
1039 2626 1050 2710 (
1052 2647 1081 2691 v.
1096 2627 1180 2691 infra
1199 2634 1303 2708 genet.
1318 2645 1370 2694 re-

244 2729 395 2814 lationis).
438 2731 551 2814 Neque
573 2732 605 2795 id
628 2731 842 2796 omittendum
864 2731 999 2810 videtur,
1023 2730 1110 2812 quod
1132 2729 1264 2794 Plautus
1286 2730 1370 2795 Trin.

241 2833 305 2900 425
320 2834 405 2896 mille
419 2834 667 2897 drachumarum
682 2835 853 2917 immeritae
868 2834 1019 2917 olympico
1029 2834 1054 2917 ³)
1070 2833 1157 2914 dixit,
1177 2853 1244 2898 non
1258 2833 1372 2897 drach·

241 2956 334 3014 mum,
369 2956 468 3019 quam
499 2937 638 3002 formam
671 2938 756 3020 apud
786 2938 868 3002 alios
891 2938 1066 3020 scriptores
1087 2944 1276 3019 usurpatam
1299 2955 1371 3004 esso

242 3037 331 3104 Neue
353 3039 365 3102 l
387 3059 416 3122 p.
438 3041 482 3105 20
503 3059 543 3106 ex
565 3039 711 3105 Varrone
734 3041 884 3106 ostendit.

344 3140 458 3206 Restat
480 3148 515 3206 ut
538 3142 578 3207 de
600 3142 750 3223 genetivo
773 3142 887 3224 plurali
909 3142 1138 3225 pronominum
1153 3142 1371 3224 personalium

244 3235 279 3310 et
300 3245 570 3326 possessivorum,
595 3262 680 3328 quae
703 3252 778 3310 sunt
800 3253 950 3323 nastrum,
974 3251 1111 3307 uestrum
1131 3251 1163 3310 et
1184 3252 1371 3322 austrorum,

243 3354 433 3424 uestrarum,
468 3353 653 3426 uestrorum,
688 3355 867 3411 uestrarum
889 3367 994 3430 pauca
1022 3348 1219 3412 disseramus
1232 3347 1258 3429 4)
1280 3346 1370 3432 (nam

242 3449 383 3531 genetivi
413 3451 514 3513 uaslri
547 3442 579 3516 et
608 3452 702 3514 uestri
729 3452 816 3534 apud
846 3451 994 3515 Plautum
1023 3470 1090 3515 non
1120 3451 1325 3516 inveniuntur
1336 3449 1370 3534 ⁵).

345 3688 365 3754 l)
383 3686 427 3740 Sic
446 3687 479 3751 A,
497 3687 669 3740 meretricum
687 3687 740 3741 FZ.

344 3773 365 3840 ²)
384 3771 439 3824 Gir.
457 3772 551 3825 Neue
569 3773 761 3826 Formenlehre
779 3772 792 3823 I
811 3788 837 3838 p.
856 3772 915 3824 260.

345 3858 366 3924 ³)
387 3855 525 3926 Olympico
543 3873 592 3926 pro
610 3858 742 3910 librorum
764 3855 933 3925 Olympicum
951 3862 1023 3910 recte
1044 3857 1165 3910 restituit
1184 3857 1215 3910 G.
1234 3857 1322 3911 Valla.

347 3941 369 4010 ⁴)
389 3941 444 3994 Gir.
462 3943 573 3995 Luchs
592 3943 620 3994 in
638 3941 816 3995 Studemundi
834 3941 909 3995 Stud.
928 3959 954 4009 p.
967 3943 1017 3994 383
1031 3957 1097 4009 sqq.;
1114 3942 1262 3995 Buecheler
1274 3958 1299 4008 p.
1313 3943 1370 3995 145.

345 4029 366 4094 ⁶)
383 4027 454 4080 Nam
481 4027 553 4095 quod
576 4027 726 4081 Buecheler
744 4044 770 4094 p.
788 4027 838 4079 145
857 4027 994 4080 nonnullis
1012 4027 1078 4080 locis
1096 4026 1185 4080 nostri
1203 4043 1252 4094 pro
1269 4027 1371 4080 udalric

244 4112 441 4166 restituendum
466 4119 564 4182 censet,
590 4114 664 4167 velut
687 4114 762 4167 Trin.
786 4113 837 4165 601
861 4114 1004 4180 postquam
1026 4111 1183 4166 deturbauil
1208 4110 1370 4164 lucrarer

242 4197 345 4250 uostris
360 4196 477 4266 aedibus,
497 4214 592 4266 parum
612 4198 741 4252 credibile
760 4197 874 4251 videtur.
902 4198 981 4251 Hunc
999 4213 1107 4251 versum
1125 4197 1226 4250 omissa
1243 4212 1276 4250 eu
1293 4213 1370 4264 prae·

243 4284 377 4350 positione
395 4283 548 4337 emendavit
566 4283 685 4352 Ritschl;
705 4284 752 4336 alii
771 4284 857 4336 aliter.
