3306 5060
479 1173 775 1276 Genetivus
822 1171 1143 1278 obiectivus.

354 1438 511 1506 Genetivo
535 1441 708 1524 obiectivo‚
733 1445 888 1527 quoniam
912 1445 1006 1527 quasi
1032 1443 1151 1510 obiecti
1173 1445 1246 1510 loco
1269 1445 1383 1510 adno-

250 1559 325 1607 men
358 1561 473 1625 regens
506 1543 653 1626 resertur,
688 1564 755 1610 non
778 1565 835 1612 eos
859 1547 946 1612 solos
970 1547 1182 1612 adnumeravi
1203 1547 1381 1629 genetivos,

251 1645 305 1727 qui
328 1647 423 1728 vulgo
448 1647 600 1713 obiectivi
622 1649 832 1714 nominantur
854 1656 886 1715 et
909 1669 948 1715 ex
971 1649 1182 1714 substantivis
1197 1648 1382 1714 verbalibus

250 1747 400 1831 pendent,
424 1742 537 1816 verum
562 1750 660 1814 etiam
684 1769 751 1831 eos,
775 1752 830 1834 qui
851 1752 1044 1818 cumverbis
1057 1752 1382 1834 adiectivisqueoon·

250 1851 350 1916 iuneti
371 1851 489 1916 obiecti
513 1852 705 1920 muneribus
728 1853 911 1936 funguntur.
944 1855 1051 1939 Atque
1073 1855 1196 1936 primos
1215 1871 1382 1936 eosgene-

250 1955 345 2035 rivos,
379 1955 434 2037 qui
467 1974 507 2021 ex
540 1955 649 2022 verbis
672 1959 826 2022 monendi
860 1966 892 2024 et
926 1958 1138 2025 obliviscendi
1160 1957 1382 2040 similibusque

174 2145 177 2151 Ι
251 2057 417 2123 adiectivis
439 2059 590 2140 pendent,
614 2060 836 2142 tractabimus,
853 2045 969 2127 deinde
986 2068 1095 2126 cetera
1111 2060 1281 2141 adiectiva,
1297 2077 1382 2143 quae

251 2161 445 2226 obieetivum
468 2163 653 2243 genetivum
676 2163 861 2245 adsumunt,
884 2161 1056 2248 proteram,
1069 2170 1138 2228 tum
1158 2163 1198 2229 de
1213 2163 1381 2245 genetivia

251 2264 305 2346 qui
326 2265 457 2347 proprio
480 2264 640 2331 vocabulo
664 2265 815 2331 obiectivi
835 2267 944 2332 vocati
962 2273 1046 2348 sunt,
1068 2267 1299 2349 disputandum
1314 2266 1381 2331 erit.

355 2759 527 2826 Genetivus
557 2760 727 2826 memoriae
754 2760 787 2827 et
816 2760 987 2828 oblivionis
1010 2762 1065 2845 qui
1087 2767 1223 2827 vocatur
1246 2779 1286 2826 ex
1308 2779 1381 2828 ver-

252 2860 302 2926 bis
336 2863 490 2928 monendi
517 2868 548 2928 et
572 2864 781 2932 obliviscendi
804 2865 1036 2949 adiectivisque
1059 2865 1153 2929 simili
1176 2865 1309 2930 notione
1332 2865 1382 2930 in-

252 2966 383 3030 structis
405 2967 523 3048 pendet
546 2972 578 3032 et
600 2968 687 3049 apud
708 2967 857 3032 Plautum
879 2969 929 3033 his
952 2969 1032 3035 locis
1055 2969 1228 3034 invenitur:

355 3067 492 3135 memini.
535 3069 654 3135 Bacch.
687 3073 749 3137 206
783 3071 975 3153 ecquidnam
1002 3071 1152 3136 memmii
1177 3068 1384 3147 Mnesilochi·

252 3171 339 3239 Pers,
362 3174 424 3239 658
447 3171 547 3238 sutim'
570 3176 610 3237 ui
631 3173 780 3237 meminit
802 3171 978 3250 libertatis;
999 3173 1040 3239 ib.
1062 3175 1127 3240 494
1148 3173 1211 3238 mei
1233 3173 1385 3238 memine-

253 3273 309 3354 ris,
332 3276 410 3340 dum
432 3275 536 3341 uitam
560 3276 675 3355 uiuam
699 3275 789 3358 Capt.
812 3279 876 3342 800
897 3276 1020 3358 focium
1041 3281 1081 3341 ui
1095 3275 1196 3340 buius
1209 3275 1297 3362 rtie1)
1310 3275 1383 3340 ioci·

253 3378 458 3461 querneique
481 3399 603 3461 semper
626 3378 818 3442 meminerit.

355 3503 513 3562 Ablativus
536 3523 572 3560 ex
595 3503 630 3561 cie
651 3503 870 3579 praepositione
893 3503 1024 3578 pendens
1046 3521 1109 3559 uno
1132 3503 1198 3559 looo
1213 3501 1283 3559 huic
1295 3503 1384 3559 verbo

254 3587 429 3648 adscribitur
462 3590 574 3647 variato
607 3589 765 3666 paululum
799 3588 962 3646 sententiae
995 3589 1107 3645 colore:
1145 3588 1229 3644 Asin.
1265 3587 1326 3644 939
1351 3587 1386 3645 de

248 3675 333 3748 pullu
366 3681 511 3745 memento,
546 3675 658 3735 amabo.
688 3709 728 3718 —-
751 3673 849 3732 Multo
883 3675 1002 3749 saepius
1025 3674 1210 3731 accusativus
1233 3673 1294 3730 sive
1316 3674 1384 3730 sub-

254 3763 450 3820 stantivorum
485 3765 545 3819 sive
578 3760 791 3837 pronominum
824 3761 959 3818 neutrius
992 3758 1109 3835 generis
1132 3758 1201 3816 huic
1222 3759 1311 3817 verbo
1335 3758 1385 3815 ad·

254 3843 384 3924 scriptus
408 3847 572 3921 invenitur;
596 3866 656 3922 qua
679 3845 715 3904 de
738 3865 769 3904 re
792 3846 960 3904 accuratius
983 3843 1146 3921 disputavit
1168 3843 1251 3902 Loch
1267 3847 1307 3920 (p.
1319 3843 1383 3921 28),

255 3951 345 4007 quam
367 3931 489 3992 Schaaff
509 3933 549 4011 (p.
573 3933 611 3990 41
638 3939 702 3990 not.
727 3933 772 4007 2).

358 4173 381 4240 ¹)
407 4169 451 4225 die
475 4171 572 4239 Bothe,
599 4169 654 4224 diei
680 4170 757 4239 libri;
785 4183 891 4223 versum
919 4182 951 4222 ex
978 4167 1107 4222 Terentio
1134 4165 1214 4234 (Eun.
1233 4166 1292 4235 801,
1310 4165 1386 4219 Loch

255 4273 282 4325 p.
300 4257 344 4329 28)
361 4257 533 4326 desumptum
552 4257 663 4312 seclusit
680 4257 788 4312 Schoell
808 4256 875 4310 duee
894 4255 1049 4324 Spengelio.
