3312 5060
441 1220 691 1320 Conspectus
717 1219 998 1319 genetivomn
1023 1219 1171 1301 Plauti.

1289 1426 1361 1475 Psgg.

239 1508 285 1562 De
302 1507 406 1563 formis
423 1508 554 1580 genetivi
571 1507 719 1562 Plautinis
765 1546 1198 1563 ...........
1286 1510 1372 1561 1-12

242 1593 407 1649 Genetivus
425 1595 555 1665 copiae
573 1598 609 1647 et
626 1593 778 1664 inopiae
807 1631 1197 1649 .........
1267 1595 1371 1648 13-23

343 1677 507 1734 Genetivus
526 1677 626 1750 copiae
644 1694 681 1731 ex
698 1677 795 1732 verbis
812 1677 921 1748 pendet
937 1717 1199 1733 .......
1268 1679 1371 1732 13-15

343 1761 507 1818 Genetivus
524 1762 625 1835 copiae
643 1779 679 1818 ex
696 1762 849 1817 adieetivis
867 1762 974 1833 pandet
1022 1803 1199 1819 .....
1268 1765 1373 1818 15-18

343 1847 506 1902 Genetivus
523 1847 641 1918 inopiae
658 1864 695 1901 ex
711 1847 809 1902 verbis
826 1847 934 1919 pendet
977 1887 1197 1903 ......
1267 1849 1371 1903 18-19

343 1933 506 1988 Genetivus
523 1933 641 2005 inopiae
659 1950 695 1988 ex
713 1933 865 1988 adieetivis
882 1933 991 2004 pendet
1020 1973 1197 1990 .....
1267 1936 1368 1988 19-21

266 2063 267 2068 κ
343 2017 499 2078 Genetivis
518 2020 618 2089 copiae
636 2024 666 2072 et·
683 2017 800 2089 inopiae
818 2017 968 2072 subiunoti
984 2019 1116 2089 genetivi
1153 2060 1159 2074 .
1194 2058 1200 2072 .
1270 2019 1375 2072 21-23

239 2102 284 2158 De
301 2103 438 2174 genetivo
457 2103 596 2174 partitivo
614 2094 751 2158 universe
769 2102 866 2174 agitur
893 2142 1198 2160 ........
1268 2107 1371 2158 24-25

241 2187 404 2246 Genetivus
423 2189 648 2260 quantitatis
665 2193 713 2258 (et
730 2189 918 2258 materiae)
934 2227 1198 2247 .......
1268 2192 1371 2244 26-62

342 2274 506 2330 Genetivus
524 2275 772 2342 exsubstantivis
789 2274 898 2346 pendet
934 2315 1199 2331 .......
1268 2277 1373 2330 26-33

346 2360 508 2415 Genetivus
526 2377 562 2415 ex
579 2361 732 2415 adiectivis
749 2360 858 2431 pendet
892 2401 1198 2419 ........
1268 2364 1373 2416 33—40

346 2444 508 2500 Genetivus
526 2463 563 2500 ex
579 2446 800 2516 pronominibus
818 2447 926 2517 pendet
937 2486 1198 2504 .......
1268 2449 1373 2502 40-56

345 2529 507 2586 Genetivus
524 2547 560 2585 ex
577 2531 722 2587 adverbiis
739 2531 847 2603 pendet
890 2571 1196 2588 ........
1268 2535 1371 2587 56-62

239 2612 403 2670 Genetivus
420 2615 621 2686 partitivus
646 2655 1163 2672 .............
1268 2621 1372 2672 63-74

342 2701 505 2757 Genetivus
523 2719 560 2758 ex
578 2703 674 2758 verbis
691 2703 800 2775 pendet
850 2742 1197 2759 .........
1336 2707 1373 2758 63

340 2787 503 2843 Genetivus
521 2805 558 2842 ex
574 2789 797 2860 pronominibus
813 2789 922 2860 pendet
934 2828 1196 2847 .......
1266 2791 1371 2844 64-66

340 2872 505 2928 Genetivus
523 2891 560 2928 ex
577 2875 829 2945 pronominalibus
846 2873 955 2946 pendet
976 2914 1196 2930 ......
1266 2877 1374 2929 66-68

345 2959 509 3014 Genetivus
527 2976 563 3014 ex
581 2960 781 3015 numeralibus
797 2961 906 3032 pendet
936 2999 1197 3016 .......
1267 2962 1369 3015 68-71

340 3043 508 3099 Genetivns
526 3061 562 3099 ex
580 3046 769 3116 superlativis
786 3047 894 3116 pendat
933 3085 1194 3100 .......
1267 3049 1371 3101 71-74

237 3126 401 3183 Genetivus
420 3129 627 3198 qualitatis
679 3169 1198 3188 .............
1268 3135 1373 3187 75-79

341 3213 397 3270 (De
416 3213 543 3266 ablativo
563 3214 724 3282 qualitatis)
762 3253 1196 3274 ...........
1267 3220 1371 3272 79-84

238 3298 402 3353 Genetivns
419 3297 540 3369 pretii
550 3335 1195 3360 ................
1266 3304 1369 3357 85-96

340 3383 505 3438 Genetivus
524 3399 560 3437 ex
577 3383 676 3438 verbis
693 3382 867 3438 aestimandi
885 3387 992 3456 pendet
1018 3426 1196 3444 .....
1265 3390 1370 3442 85-92

339 3468 502 3524 Genetivus
521 3486 557 3524 ex
574 3468 672 3524 verbis
690 3467 806 3523 emendi
824 3474 853 3522 et
871 3469 1016 3526 vendendi
1033 3473 1141 3543 pendat
1188 3513 1194 3528 .
1264 3474 1368 3526 92—96

236 3553 400 3610 Genetivns·
417 3560 611 3625 respectus
635 3592 1196 3613 ..............
1248 3559 1368 3611 97-104

337 3640 512 3710 (Genetivus
529 3640 726 3712 patheticus).
749 3643 751 3652 “
762 3676 1196 3696 ...........
1231 3643 1366 3696 100--101

338 3726 515 3795 (Genetivns
534 3725 677 3796 criminis)
719 3763 1195 3782 ............
1231 3727 1368 3782 lue-104

234 3811 398 3868 Genetivus
416 3811 631 3867 obieotivus
676 3849 1195 3868 .............
1230 3813 1368 3866 105-119

337 3899 500 3955 Genetivus
517 3898 712 3954 memoriae
730 3904 760 3952 et
777 3897 934 3953 oblivionis
975 3936 1193 3952 ......
1229 3899 1365 3951 105--107

337 3983 501 4040 Genetivus
520 4001 556 4039 ex
573 3984 726 4039 adieetivis
743 3984 852 4062 pendet
889 4023 1195 4039 ........
1230 3985 1365 4036 107-111

336 4071 500 4126 Genetivus
518 4088 555 4126 ex
572 4070 734 4142 participiis
752 4070 916 4141 praesentis
933 4071 1064 4143 pendet.
1101 4101 1116 4123 .·
1144 4111 1152 4125 .
1186 4108 1194 4125 .
1315 4071 1379 4123 111'

337 4158 500 4214 Genetivus
518 4175 555 4213 ex
572 4156 766 4213 substantivis
783 4157 892 4228 pendet
926 4196 934 4210 .
968 4196 976 4210 .
1011 4197 1018 4211 .
1052 4197 1059 4212 .
1098 4196 1105 4210 .
1140 4193 1148 4208 .
1183 4193 1190 4208 .
1227 4156 1367 4209 iri-119

233 4243 396 4299 Genetivus
413 4245 659 4315 possessivus
670 4279 1191 4299 .............
1227 4241 1366 4294 lla-148
