3312 5060
346 285 390 350 50

405 487 484 571 9916
514 487 675 550 sunnonis.
719 485 817 552 Peen.
847 487 911 552 822
944 487 1022 570 9916
1046 486 1346 566 woutermanno,
1376 509 1437 551 99-

300 589 448 654 99911969.

404 691 482 775 quid
509 690 707 755 concharum.
752 691 832 755 Rud.
854 692 919 758 304
940 693 1005 756 nisi
1034 693 1112 775 9916
1140 692 1331 756 concharum
1360 714 1435 776 cep-

299 815 409 860 99999.

404 897 481 979 9916
513 897 701 960 litterarum.
745 896 824 960 Rud.
849 898 930 962 1157
962 899 996 960 19
1025 918 1058 960 ee
1086 899 1222 962 ensiculo
1252 899 1435 962 litterarum

300 1000 378 1082 9916
400 1006 452 1064 esi.

402 1103 480 1186 qnid
493 1104 704 1166 miseriarum.
737 1102 824 1184 Epid.
839 1103 902 1168 526
918 1104 947 1165 si
961 1103 1039 1184 9916
1054 1102 1202 1166 hominist
1216 1105 1430 1168 iniseriurum.

402 1206 480 1289 9916
506 1205 680 1270 turbarum.
724 1205 793 1270 nul.
816 1207 881 1272 405
901 1226 940 1268 ne
961 1206 1040 1288 9916
1061 1205 1227 1270 liundorum
1247 1207 1299 1270 hic
1321 1208 1434 1270 1116991

292 1309 390 1392 fnoi;
411 1309 494 1374 Men.
514 1310 576 1374 846
591 1309 689 1390 prins
710 1327 805 1390 quem
827 1307 993 1370 turbarum
1014 1310 1092 1391 9916
1108 1310 1220 1392 faciei
1240 1312 1387 1393 ainplius.

399 1413 477 1496 9916
497 1413 700 1494 captiuorum.
733 1410 821 1494 Epid.
845 1413 908 1476 210
929 1413 1123 1494 captiuorum
1144 1414 1222 1496 9916
1242 1415 1362 1478 docelini
1382 1435 1430 1478 se-

295 1537 366 1579 eum
388 1516 535 1599 (=qu0t
556 1515 711 1596 captivos
738 1513 793 1578 eir.
815 1515 893 1596 9916
914 1514 1003 1598 uiri).

397 1719 638 1787 Adieoiivonum
659 1721 693 1784 hi
714 1726 790 1785 sunt
811 1721 964 1802 genetivi:
1069 1759 1072 1770 ·

398 1825 476 1907 9916
498 1823 577 1888 honi.
623 1822 699 1888 Cist.
723 1823 787 1890 364
808 1823 886 1905 9916
908 1824 958 1886 illi
974 1825 1111 1904 promisi
1132 1824 1219 1900 boni‚·
1245 1825 1340 1892 Mene.
1362 1828 1422 1891 471

296 1929 374 2012 9916
406 1929 479 1989 misi
512 1928 547 1988 in
576 1927 645 1989 9119
678 1925 765 2000 6991;
797 1925 891 1990 Most.
915 1930 978 1990 370
1000 1927 1078 2010 9916
1106 1927 1186 1989 milii
1215 1930 1257 1990 sii
1285 1928 1365 2005 5991,
1396 1930 1429 1992 si

294 2031 446 2106 mennon,-
478 2029 565 2094 Pers
587 2029 652 2093 514
678 2029 787 2104 neseis,
816 2029 894 2110 qnid
920 2036 948 2090 ie
971 2031 1063 2092 instet
1084 2028 1171 2104 bone
1202 2029 1316 2095 Pseud.
1341 2032 1422 2095 1067

294 2134 372 2216 9916
394 2139 439 2195 esi
460 2132 547 2208 5991;
575 2132 656 2196 Rud.
678 2133 742 2198 415
763 2130 841 2207 honi,
864 2132 942 2215 9916
963 2132 1019 2196 hoe
1041 2132 1193 2217 honisi1);
1222 2132 1336 2213 Amph.
1358 2134 1425 2197 636

296 2235 367 2298 honi
388 2237 417 2298 si
438 2235 548 2317 9511911
569 2235 661 2319 9916;
682 2234 770 2298 Asin.
793 2236 855 2299 719
877 2236 985 2312 seiani,
1009 2234 1423 2317 951699199166969·191,·

295 2338 377 2404 Men.
403 2339 485 2402 1144
506 2338 627 2420 ¹neiidee
649 2339 679 2400 si
700 2338 778 2420 9916
794 2345 926 2420 propter
949 2359 995 2400 iiie
1017 2339 1119 2400 999911
1142 2337 1228 2412 honi,·
1249 2338 1343 2420 Mero.
1361 2338 1427 2401 115
1449 2355 1451 2360 ·

293 2461 337 2504 99
366 2441 437 2504 beni
466 2442 544 2524 9916
573 2448 750 2524 99999999
782 2442 877 2506 llere.
904 2443 962 2506 177
985 2443 1015 2504 si
1037 2441 1108 2504 boni
1130 2441 1207 2523 9916
1228 2441 1271 2502 96
1293 2447 1320 2502 ie
1342 2461 1424 2502 999-

292 2547 381 2620 11999
414 2545 499 2609 Pers,
522 2547 586 2610 675
614 2546 644 2608 si
673 2546 750 2627 9916
779 2544 866 2606 holeis
895 2546 967 2608 6991
988 2543 1048 2624 sih·
1080 2544 1177 2608 Poen.
1201 2546 1265 2608 ele
1291 2546 1320 2606 si
1345 2545 1428 2625 9916

292 2647 364 2710 honi
386 2649 573 2729 adportans,
606 2648 701 2710 iubeo
723 2650 871 2729 91911991.
916 2647 1112 2732 Sequentem
1135 2665 1263 2712 versum
1292 2648 1428 2712 codices

292 2755 390 2815 [alem
418 2751 585 2815 exhibent:
619 2750 691 2811 honi
716 2751 754 2812 de
775 2757 880 2812 lioshe
903 2750 1035 2812 1151999
1052 2751 1196 2832 ferimus
1218 2751 1428 2826 9996911196*

291 2854 452 2935 olerisque
486 2858 594 2917 aulem
629 2852 700 2914 1991
734 2853 902 2934 displicuit,
938 2871 1039 2935 quare
1067 2860 1123 2918 aul
1145 2855 1193 2916 nil
1215 2854 1424 2917 inserendum

290 2975 362 3021 esse
395 2963 550 3038 putarunt
583 2955 728 3038 (Mueller
761 2956 893 3022 Presed.
927 2956 1028 3020 Plaut.
1055 2978 1083 3038 p.
1109 2957 1193 3042 158),
1227 2964 1283 3019 aul
1310 2956 1426 3018 199999

290 3059 496 3123 scribendum
521 3057 645 3141 (Bothe,
669 3059 769 3137 Koch,
794 3081 876 3142 ques
898 3067 1030 3126 secutus
1050 3067 1100 3124 est
1116 3060 1243 3141 Ussing)
1259 3059 1423 3142 9919916-

287 3183 383 3244 quem
416 3161 675 3225 substituendum
709 3161 824 3246 (Goelz
858 3171 888 3228 el
924 3163 1054 3228 Loewe:
1088 3164 1125 3225 de
1152 3170 1256 3225 nosti-o
1288 3161 1344 3224 lili
1366 3183 1426 3224 999

283 3264 427 3346 feriiuus
449 3266 616 3346 99999999
639 3285 692 3326 nee
715 3265 848 3350 ditonus).
883 3266 967 3337 helio,
993 3267 1080 3348 quod
1103 3267 1135 3330 in
1158 3267 1183 3329 B
1207 3271 1265 3345 esi,
1288 3265 1420 3330 retineri

287 3385 384 3448 pesse
412 3374 524 3432 censet
551 3367 676 3448 Ussing.
721 3367 827 3450 Alque
855 3370 1004 3450 equidem
1028 3370 1140 3433 neseio
1164 3387 1205 3432 en
1229 3369 1327 3432 eliam
1349 3367 1421 3430 1991

230 3487 232 3491 ·
287 3468 414 3534 delendi
448 3470 559 3551 pessit.
605 3471 647 3533 Ex
675 3470 783 3536 verbis
816 3472 891 3553 Lyci
926 3472 1060 3549 lenonis,
1095 3489 1179 3553 quae
1213 3470 1422 3552 praecedenti

288 3591 383 3636 versu
407 3573 551 3654 legimus,
574 3573 726 3638 advocali
748 3593 863 3638 vocem
886 3573 958 3636 1991
981 3575 1145 3655 excipiunt
1160 3591 1265 3656 nequo
1280 3573 1419 3638 lerinam

287 3675 356 3740 eius
386 3677 543 3740 adsueui
568 3678 749 3742 orationem
774 3677 1034 3743 accommodant.
1057 3677 1170 3760 (Aliter
1192 3677 1279 3742 Lech
1302 3699 1332 3760 p.
1359 3676 1423 3758 18),
1542 3685 1551 3699 “

287 3779 386 3842 Poen.
411 3779 474 3842 792
496 3781 525 3840 si
546 3780 623 3861 9916
645 3778 717 3841 noui·
734 3782 932 3861 premiilnnl,
960 3769 1120 3863 perspisso
1149 3781 1269 3854 999911;
1302 3778 1423 3860 Amph,

286 3881 351 3948 570
373 3881 451 3963 9916
473 3882 549 3943 meh
572 3902 651 3959 siim,
675 3903 734 3958 ere,
758 3888 813 3944 teu
836 3903 875 3946 en
896 3903 930 3944 re
947 3885 1149 3965 promeritus.

387 4122 408 4187 ¹)
425 4119 608 4175 suadentibus
626 4119 778 4190 Spengelio,
798 4120 981 4186 Fleckeisen,
1001 4120 1164 4187 lliesslingie
1183 4135 1233 4186 pre
1249 4118 1338 4174 bonini
1353 4119 1423 4172 seri-

282 4205 400 4259 bendnm
420 4211 513 4257 censet
533 4205 604 4258 Lech
622 4204 713 4258 noviei
728 4207 764 4273 (9.
786 4206 833 4274 11),
853 4205 902 4258 eir.
920 4206 998 4262 Troe.
1017 4208 1069 4258 546
1087 4204 1153 4274 9916
1170 4204 1271 4258 999191.
