3312 5060
1271 317 1312 382 et

225 551 265 598 ex
285 529 411 612 utrique
432 527 575 610 pendere
597 525 723 592 censuit
744 524 842 604 Lech,
866 523 923 588 sed
945 523 988 588 ad
1002 522 1164 600 sentenia,
1180 522 1287 602 eredo,
1304 540 1355 586 re-

225 632 377 699 ferendus
398 636 457 696 est.

328 751 452 816 neuter.
494 748 593 814 Stich.
620 747 677 812 141
703 750 897 822 certumnest,
920 749 1064 825 nnctram
1085 750 1266 806 nostrarum
1283 764 1356 826 per-

225 856 313 939 sequi
333 853 499 936 inmanium
515 852 632 934 patris.

326 972 414 1038 solus
442 991 509 1037 uno
539 976 667 1036 tantum
689 971 762 1036 loco
786 987 861 1034 oum
884 969 1035 1050 genetivo
1058 966 1218 1049 iungitur:
1241 968 1357 1054 Amph,

228 1079 311 1145 1083
332 1076 408 1139 tou
429 1076 496 1138 sola
518 1093 632 1137 sanam
653 1081 783 1135 mentem
803 1077 905 1154 pestat
926 1089 1064 1133 meorum
1088 1069 1311 1143 familiarium.

329 1179 405 1240 Cum
429 1181 555 1238 ablativo
578 1177 849 1254 praepositionibus
869 1194 914 1246 ecc,
939 1175 973 1234 de
992 1175 1136 1233 adiunctis
1152 1176 1268 1235 duobus
1283 1179 1357 1237 locis

226 1270 407 1328 construitur
428 1267 521 1325 solus:
548 1266 637 1324 Most.
661 1263 725 1322 880
747 1263 828 1322 salus
849 1279 922 1322 nuuc
944 1279 992 1335 epo
1015 1279 1046 1320 eo
1069 1261 1228 1320 aduorsnm
1249 1281 1299 1322 ero
1321 1283 1358 1323 eac

222 1354 368 1430 plurumis
398 1353 510 1424 sernis‚·
542 1353 581 1408 ib.
619 1350 700 1408 1126
729 1366 802 1408 nunc
835 1367 883 1422 epo
918 1347 952 1406 de
988 1347 1143 1406 sodalitate
1180 1348 1260 1407 solus
1293 1367 1358 1410 sum

226 1445 327 1500 oraim
349 1439 452 1508 datns;
483 1437 593 1512 quibus
621 1436 775 1510 exemplis,
795 1433 946 1517 quomodo
968 1434 1113 1490 transitus
1136 1453 1173 1490 ex
1196 1434 1359 1494 adverbiali

226 1527 278 1602 qui
301 1526 406 1583 dicitur
428 1535 487 1581 u'su
510 1524 546 1579 ad
569 1521 787 1579 adnominalem
810 1519 848 1576 sit
870 1517 977 1586 faetus,
998 1517 1192 1593 intellegitur.

329 1638 417 1704 ullus
438 1640 517 1702 item
539 1656 604 1702 uno
628 1638 701 1702 loco
724 1637 909 1718 genetivum
931 1636 993 1700 sibi
1008 1637 1153 1700 adscivit.
1185 1636 1278 1702 Most.
1295 1640 1357 1704 712

227 1742 311 1806 nilcil
332 1742 391 1804 erit
413 1739 495 1825 quod
516 1739 644 1802 deorum
666 1739 767 1801 ullum
789 1739 940 1801 accusites
963 1738 1022 1822 (De
1044 1739 1145 1802 ullum
1167 1759 1227 1824 pro
1256 1762 1359 1824 quem-

227 1865 323 1929 quam
345 1865 372 1908 v.
395 1843 519 1908 Lorenz
542 1842 584 1907 ad
606 1842 637 1906 h.
659 1841 690 1924 1.)

329 1961 450 2028 nullus.
482 1962 597 2045 Amph.
612 1963 676 2028 509
686 1963 890 2044 seminarum
904 1961 1042 2037 nullast·
1064 1961 1143 2026 Rud.
1159 1963 1221 2028 281
1238 1965 1361 2027 miseri-

227 2067 352 2132 cordior
372 2067 463 2130 nulla
484 2072 562 2128 mest
589 2065 807 2149 feminarum
836 2064 933 2130 Poen.
955 2064 1020 2130 584
1041 2085 1116 2128 nam
1137 2066 1269 2128 istorum
1290 2069 1362 2132 nul·

227 2167 278 2234 lus
299 2172 470 2253 nefastust.

329 2274 411 2333 Huic
431 2275 498 2332 voci
520 2249 667 2332 ablativus
689 2291 757 2330 oum
780 2289 816 2332 eac
839 2272 1017 2330 coniunctus
1040 2273 1156 2332 additur
1178 2273 1270 2335 Stich.
1298 2276 1361 2334 343

229 2379 266 2420 ecc
287 2361 385 2420 multis
407 2360 570 2434 nequiorem
592 2359 702 2417 nullum
724 2360 779 2430 (se.
805 2354 957 2437 conuersi).

332 2477 424 2524 unae.
457 2458 548 2523 True.
574 2459 634 2524 103
657 2477 752 2521 oenus
778 2478 884 2520 eorum
910 2457 1013 2539 aliqui
1025 2457 1050 2540 ¹)
1083 2459 1222 2522 iaculum
1243 2462 1363 2526 amicae

229 2583 327 2646 usque
348 2562 478 2645 opperit,
502 2559 557 2624 ubi
580 2567 708 2643 praeter
730 2579 813 2622 unus
834 2558 1072 2625 observandum
1088 2567 1137 2626 est
1152 2563 1271 2646 aliquis
1286 2583 1363 2646 pro-

141 2665 145 2672 '
229 2683 360 2746 nomen,
389 2663 422 2728 id
449 2681 579 2746 quoque
602 2663 645 2727 ad
667 2662 852 2744 genetivum
874 2661 1078 2728 referendum
1101 2671 1152 2728 est
1173 2663 1241 2748 (cir.
1264 2687 1363 2750 supra

228 2768 290 2833 Mil.
311 2768 376 2831 432
397 2767 557 2850 quispiam
580 2766 716 2849 aliquis·
731 2771 763 2830 et
779 2765 885 2845 nibil).
913 2765 1002 2832 Trin.
1018 2767 1099 2832 1023
1114 2786 1246 2850 quorum
1261 2768 1363 2834 ltercle

229 2891 314 2934 unus
341 2869 508 2950 surrupiat
537 2869 678 2952 currenti
700 2869 824 2931 cursori
844 2870 954 2932 solum.
977 2905 1020 2914 -
1041 2868 1102 2953 (De
1124 2873 1284 2954 genetivo,
1308 2875 1363 2958 qui

231 2993 270 3040 ex
292 2993 375 3036 unus
397 2971 591 3053 superlativo
616 2972 768 3036 adiuncto
793 2973 922 3054 pendet,
946 2992 974 3036 v.
997 2971 1139 3057 infra).²)

333 3077 431 3134 Multo
463 3078 582 3152 saepius
616 3096 653 3133 ex
685 3094 760 3135 unns
793 3079 903 3153 pendet
935 3078 1088 3137 ablativus.
1134 3077 1210 3138 Cum
1241 3101 1361 3159 praepo·

230 3164 338 3222 sitione
380 3213 382 3221 .

333 3263 374 3310 ex
396 3247 600 3322 coniungitur;
614 3247 721 3304 Pseud.
744 3247 806 3304 392
822 3248 992 3322 exquirent
1006 3249 1105 3308 multis
1120 3250 1178 3309 illis
1193 3269 1289 3322 naun,
1310 3254 1362 3328 qai

230 3337 325 3393 cerins
347 3333 415 3404 siet,·
437 3336 493 3390 hoe
513 3343 612 3390 tamen
635 3334 703 3390 loeo
717 3334 816 3409 potius
832 3353 897 3390 eum
913 3336 1003 3391 verbo
1020 3336 1196 3394 coniunctus
1212 3346 1256 3396 est
1271 3339 1358 3396 able-

230 3422 319 3479 tivus.
342 3417 434 3478 Stich.
458 3419 518 3476 421
543 3436 616 3476 nunc
634 3419 707 3477 tuna
721 3418 795 3476 diem
809 3436 897 3478 urium
911 3436 948 3477 cac
962 3418 1023 3477 illis
1037 3421 1136 3480 ritultis
1151 3423 1279 3482 miseriis
1296 3426 1362 3483 nolo

230 3525 275 3565 me
295 3505 448 3565 eleutheria
470 3521 589 3578 capere,
610 3505 695 3567 Asin.
720 3505 782 3562 208
805 3523 849 3562 me
870 3505 950 3562 urtice
970 3523 1057 3564 unum
1073 3509 1255 3567 exoriendus
1272 3513 1298 3567 te
1315 3514 1362 3568 at-

231 3609 285 3666 que
304 3592 387 3650 illurn
409 3608 510 3648 amare
530 3591 614 3649 aibas
635 3589 707 3648 milti
714 3606 725 3662 ,·
747 3587 836 3648 Stich.
854 3591 890 3646 11
903 3593 1021 3664 patrun
1037 3596 1114 3651 tnon
1128 3611 1275 3669 meumque
1290 3595 1362 3655 adeo

231 3677 311 3736 unice
342 3695 417 3736 nnus
449 3676 560 3736 ciuibus
591 3694 629 3735 eac
660 3675 790 3734 omnibus
814 3675 926 3750 probus
955 3677 1006 3751 qni
1021 3678 1197 3751 perhibetur.
1244 3679 1282 3736 In
1311 3680 1361 3739 his

232 3764 348 3820 duobus
371 3761 526 3838 exemplis,
555 3781 632 3837 quae
654 3780 793 3837 supremo
816 3763 882 3820 loeo
905 3764 999 3837 attuli,
1029 3764 1113 3821 notio
1136 3765 1228 3822 unius
1260 3767 1362 3824 addito

232 3849 368 3907 adverbio
395 3848 474 3907 unice
499 3849 586 3923 quasi
610 3857 747 3922 augetur.
792 3848 873 3908 Men.
904 3848 967 3907 370
993 3850 1062 3923 quia
1085 3853 1116 3907 te·
1131 3868 1219 3910 naam
1243 3869 1280 3910 ex
1303 3871 1362 3911 am-

333 4069 354 4132 ¹)
371 4065 460 4134 aliqui
475 4066 595 4120 iaculum
613 4067 722 4134 scripsit
741 4067 858 4134 Schoeit
876 4065 978 4134 oliqms
996 4066 1101 4121 oculum
1120 4068 1192 4122 libri.

335 4154 357 4221 ²)
375 4151 459 4206 Stich.
479 4153 538 4214 542,
565 4153 612 4206 ubi
633 4152 660 4204 in
684 4151 803 4206 editione
823 4152 928 4205 Goetzii
947 4162 989 4206 est
1006 4152 1153 4206 secundum
1171 4157 1196 4208 A
1214 4156 1364 4210 eraat'mi-

233 4237 295 4291 nori
307 4237 331 4291 ei
345 4236 506 4291 adulescenti
516 4235 651 4305 fidicinas,
666 4236 801 4322 tibicinae,
813 4237 920 4292 Ritschl
929 4238 1093 4292 conieeerat:
1111 4242 1171 4293 erat
1184 4239 1295 4296 mrum
1306 4245 1365 4298 imi·
