3306 5060
1256 314 1315 379 111

332 515 517 604 persimilis.
561 517 649 584 Pers.
680 517 742 582 698
775 517 885 580 uideor
913 517 1033 580 uidisse
1059 517 1109 580 lue
1127 518 1240 601 formu
1257 519 1362 601 persi·

230 621 333 684 mileu
355 622 411 686 tui.

332 721 484 788 aemulus.
510 722 624 789 Pseud.
642 725 703 788 196
720 743 799 806 quoe
813 725 930 786 amieos
944 721 1038 786 habes
1054 725 1199 787 leuouum
1214 724 1361 788 aemulos.

333 861 403 929 pan.
447 844 526 911 Rud.
554 845 633 926 prol.
662 844 704 910 49
734 843 762 906 ei
788 843 900 906 aderat
928 842 1038 926 hospes
1059 863 1126 926 par
1147 843 1199 906 sui
1210 841 1245 928 1),
1270 842 1361 906 Sicu-

231 947 281 1010 lus
301 967 402 1011 senec.
1289 947 1292 952 ’

333 1255 418 1321 Inter
448 1253 622 1341 participia
654 1253 844 1340 praesentia
879 1273 963 1338 quae
996 1256 1230 1322 adiectivorum
1263 1254 1362 1320 modo

230 1357 415 1441 genetivum
449 1358 644 1424 obiectivum
674 1359 858 1439 adsumunt,
886 1377 927 1425 ea
954 1359 1019 1423 hoc
1042 1359 1115 1423 loco
1138 1377 1205 1423 non
1228 1375 1362 1422 enume-

230 1460 322 1548 rabo,
350 1480 433 1545 quae
464 1481 502 1526 ex
533 1461 641 1527 verbis
663 1461 920 1543 proficiscuntur,
945 1479 1083 1544 quorum
1106 1459 1230 1526 formae
1252 1459 1362 1524 finitae

230 1582 359 1646 quoque
382 1565 568 1646 genetivum
592 1570 717 1646 regant,
742 1563 896 1647 quoniam
920 1562 979 1628 sub
1003 1582 1062 1628 suo
1087 1563 1238 1647 quodque
1260 1561 1361 1627 verbo

231 1667 329 1731 allata
351 1672 427 1731 sunt
450 1667 492 1750 (v.
516 1687 638 1749 cupere,
662 1687 758 1749 eperc,
782 1664 946 1750 indique).

333 1803 451 1852 amans.
495 1786 583 1851 Asin.
618 1789 679 1852 591
715 1786 762 1848 tui
796 1806 910 1848 amaus
942 1784 1085 1849 abeuntis
1112 1805 1199 1867 epea·
1228 1783 1270 1851 ib.
1298 1786 1359 1849 857

230 1909 332 1952 meum
357 1888 465 1951 uirum
492 1896 565 1952 ruta
594 1909 664 1952 sum
689 1887 833 1972 probum,
857 1894 1013 1952 amantem
1035 1889 1145 1952 uaeris
1167 1907 1321 1953 maxume.
1334 1884 1360 1972 ²)

333 2025 460 2093 gerens·
494 2007 586 2073 Teuc.
611 2010 671 2073 145
689 2009 835 2091 plerique
855 2008 936 2070 idem
960 2007 1042 2090 quod
1064 2013 1098 2070 tu
1115 2006 1207 2089 fucis
1217 2007 1360 2089 jaetuut,

231 2111 278 2173 ree'
304 2113 386 2174 mule
413 2113 564 2194 porentia
593 2110 634 2174 ib.
661 2113 724 2177 223
742 2111 937 2193 piaculumst
958 2111 1104 2173 miserere
1125 2130 1181 2172 uos
1202 2109 1363 2173 homiuum

231 2214 279 2276 rei
310 2215 392 2277 mule
427 2221 596 2298 peceatum.
613 2214 639 2299 ³)
695 2213 886 2280 Genetivum
924 2213 958 2277 in
991 2214 1213 2278 accusativum
1246 2217 1362 2278 contra

233 2317 374 2399 optimos
403 2318 532 2384 codices
562 2316 707 2382 nonnulli
734 2322 936 2382 commutare
958 2317 1136 2382 voluerunt.
1181 2315 1240 2400 (De
1262 2334 1361 2396 gene-

231 2419 297 2485 tivo
321 2418 375 2486 cfr.
397 2419 473 2484 Brix
496 2419 538 2485 ad
560 2418 652 2501 Capt.
675 2416 760 2500 264).

335 2543 570 2626 *persequens
625 2538 697 2605 Cas
730 2538 790 2604 159
810 2538 926 2621 flcqe'te’
947 2543 1183 2620 persequentem
1210 2537 1244 2600 in
1269 2536 1360 2601 libris

233 2647 294 2722 est;
316 2643 400 2706 utcu
421 2642 543 2707 addidit
566 2641 696 2708 Schoell
719 2641 762 2728 (v.
785 2646 889 2723 genet.
912 2641 1066 2725 possess.)
1093 2640 1115 2725 ).
1303 2635 1304 2640 ’

719 2867 874 2876 ———

336 3034 551 3117 substantiva,
586 3055 670 3119 quae
705 3056 779 3101 cum
812 3037 962 3118 genetivo
995 3043 1160 3120 ponuntur
1190 3034 1361 3114 obiectiv0‚

234 3138 355 3204 verbali
381 3144 455 3204 sunt
478 3145 604 3204 natura.
649 3138 796 3205 Genetivi
822 3140 871 3204 iis
889 3139 1043 3222 adscripti
1066 3156 1266 3222 quamquem
1289 3155 1362 3202 sae·

233 3241 366 3324 pissime
388 3261 446 3324 pro
470 3241 658 3307 accusativo
681 3242 758 3324 poni
781 3242 940 3320 videntur,
962 3261 1030 3307 non
1051 3261 1126 3307 raro
1146 3242 1217 3306 aliis
1232 3259 1363 3323 quoque

234 3344 363 3409 casibus
386 3344 525 3428 obliquis
549 3344 756 3428 respondent.

335 3567 356 3633 ¹)
369 3581 426 3634 por
442 3565 486 3619 sui
504 3565 671 3633 Fleckeisen,
685 3565 771 3634 parui
790 3566 862 3619 libri.
897 3567 939 3620 De
956 3565 1051 3619 dativo
1068 3566 1132 3619 huie
1151 3565 1297 3619 adieettivo
1315 3564 1362 3618 ad·

234 3651 334 3720 scripto
352 3669 379 3705 v.
395 3652 507 3706 Scheaff
523 3669 550 3720 p.
568 3653 602 3704 30
619 3658 668 3706 not
684 3654 709 3707 1.

334 3739 356 3808 ²)
381 3738 440 3792 Cas.
465 3739 516 3790 435
534 3737 587 3791 mei
609 3737 786 3792 beueuclcutu
806 3741 888 3806 etque
906 3735 990 3791 amici
1004 3735 1147 3804 prodeunt,
1165 3733 1218 3789 mei
1234 3734 1364 3800 (Mueller

232 3823 261 3876 in
286 3821 360 3877 Pros.
385 3840 410 3891 p.
435 3824 487 3876 520
508 3839 558 3892 pro
581 3824 712 3877 librorum
734 3822 813 3893 mut)
839 3837 987 3892 pronomen
1005 3823 1187 3890 possessivum
1205 3819 1363 3888 intellegen-

233 3908 296 3962 dum
314 3912 364 3972 est,
383 3924 442 3962 cum
460 3907 614 3962 cumulem
632 3923 682 3976 pro
700 3909 871 3963 substantivo
886 3909 994 3976 saepius
1007 3907 1164 3961 adhibuerit
1176 3906 1290 3959 Plautus
1302 3905 1362 3974 (cfr.

231 3993 337 4067 Lorenz
360 3993 396 4048 ad
418 3995 499 4048 Most.
523 3994 592 4062 195).
627 3995 695 4048 Item
718 3995 793 4050 Trin.
815 3995 849 4047 46
873 3993 915 4048 tui
932 3990 1110 4047 beneuolentie
1127 3992 1175 4059 (sc.
1193 4006 1248 4044 uox
1266 3993 1364 4058 sonat).

334 4081 354 4149 ⁸)
369 4083 512 4149 peremtum
529 4081 585 4144 AB,
601 4079 752 4150 gerentium
770 4081 862 4134 ceteri.

334 4167 355 4232 ⁴)
374 4164 435 4219 Cae.
461 4165 530 4233 prol.
553 4167 586 4218 63
611 4165 699 4219 eciem
722 4165 780 4220 eius
804 4168 891 4219 mater
913 4165 938 4219 ei
959 4164 1009 4220 dat
1029 4179 1136 4234 operam
1158 4161 1262 4216 adferri
1286 4161 1365 4228 solet,

232 4250 280 4304 sed
297 4248 355 4305 eius
373 4251 517 4305 delendum
535 4257 576 4306 est
596 4251 658 4322 (cfr.
676 4253 751 4306 Loeh
769 4269 794 4322 p.
814 4253 867 4322 24).
