3312 5060
459 1184 757 1290 Genetivus
801 1185 1115 1315 qualitatis,
1161 1221 1164 1224 ·

335 1432 510 1500 Genetivus
533 1455 607 1501 eum
631 1439 790 1504 adieetivo
824 1437 979 1503 attributo
995 1439 1197 1519 coniunctus,
1215 1437 1243 1500 si
1257 1435 1360 1519 qualis

231 1536 272 1600 sit
287 1555 429 1619 persona
443 1538 494 1603 vel
513 1558 566 1603 res
583 1541 744 1622 quaedam
760 1541 917 1624 exprimit,
933 1541 1139 1622 genetivus
1162 1539 1360 1624 qualitatis

232 1639 354 1719 dicitur;
378 1637 434 1723 qui
457 1629 608 1707 eum'aut
636 1643 824 1726 praedicato
850 1649 906 1708 aut
932 1644 1136 1709 substantivo
1160 1643 1261 1708 anius
1283 1640 1360 1707 sub-

228 1742 316 1824 iungi
338 1743 451 1827 soleat,
474 1754 531 1809 aut
553 1746 729 1828 praedicati
752 1751 809 1812 aut
830 1745 975 1811 attributi
996 1747 1105 1812 looum
1127 1750 1274 1828 occupat.

335 1844 520 1912 Ablativum
541 1849 657 1914 eodem
673 1849 771 1914 mode
787 1850 865 1931 poni
879 1855 991 1914 notum
1013 1857 1075 1930 est3
1091 1848 1290 1932 quiquidem
1306 1866 1362 1912 ea·

231 1966 286 2010 sus
302 1949 387 2030 apud
403 1947 552 2014 Plautum
567 1951 670 2015 multo
684 1950 883 2034 frequentior
898 1971 997 2034 quam
1012 1953 1179 2034 genetivus
1195 1958 1251 2017 est.
1277 1951 1360 2014 Nam

178 2087 183 2100 ·
228 2056 365 2132 praeter
385 2053 570 2132 genetivum
592 2053 677 2116 modi
698 2073 773 2118 eum
798 2053 1042 2138 pronominibus
1058 2055 1224 2120 adieetivis
1239 2054 1360 2137 quoius,

230 2154 365 2236 quernis,
393 2157 550 2238 quotquot,
577 2155 682 2234 buius,
710 2158 804 2219 istius
833 2159 928 2240 (isat),
956 2159 1023 2220 eius
1052 2158 1260 2222 coniunctum
1287 2174 1362 2238 per·

230 2257 328 2336 pauci
365 2257 399 2320 in
433 2255 549 2322 fabulis
589 2259 745 2323 Plautinis
778 2260 984 2325 inveniuntur
1016 2260 1156 2342 genetivi
1189 2259 1361 2342 qualitatis.

230 2358 326 2424 Falso
354 2361 452 2425 enirn*
471 2379 544 2427 mea
573 2363 703 2444 quidem
726 2363 886 2428 sententia
908 2363 972 2427 huo
994 2362 1176 2427 referuntur
1198 2381 1218 2426 a
1240 2361 1361 2426 Loehio

233 2463 371 2544 genetivi
399 2465 495 2526 traua·
523 2469 554 2528 et
581 2464 686 2543 nihili,
715 2465 770 2547 qui
796 2464 894 2529 etiam
922 2471 1000 2545 tum,
1024 2485 1098 2529 eum
1122 2464 1266 2529 attributi
1288 2465 1361 2529 loeo

110 2653 114 2657 ,
236 2583 276 2630 ex
298 2564 507 2631 substantivis
530 2567 670 2648 pendere
693 2567 849 2648 videntur,
867 2586 925 2648 pro
941 2567 1098 2648 genetiuis
1112 2568 1206 2649 pretii
1220 2565 1361 2630 habendi

233 2675 321 2748 sunt;
355 2671 473 2752 quippe
507 2672 562 2754 qui
596 2673 709 2754 quanti
740 2672 812 2754 quis
843 2671 1063 2737 aestimandus
1091 2671 1141 2748 sit,
1169 2670 1202 2733 id
1233 2670 1362 2752 proprie

232 2773 422 2854 exprimant.
466 2774 554 2840 Idem
587 2776 627 2842 de
655 2777 805 2859 genetivo
829 2777 916 2859 pret-i
945 2794 1020 2840 cnm
1047 2773 1214 2840 adieetivis
1241 2774 1361 2856 quanti,

232 2878 351 2960 magni,
379 2883 442 2943 eet.
471 2879 654 2960 coniuncte,
683 2880 779 2962 quale
801 2886 851 2944 est
873 2878 945 2945 Cas
967 2880 1008 2944 98
1032 2879 1125 2941 uilior
1146 2876 1234 2939 laod
1254 2878 1364 2958 magari

227 2981 324 3061 preti,
350 2982 587 3062 contenderim
610 2999 695 3065 quae
718 2983 806 3046 Looh
827 2982 891 3048 hue
913 2983 991 3047 item
1014 2980 1129 3046 retulit.
1160 2979 1262 3045 Aliter
1284 2997 1361 3044 vero

233 3101 269 3149 se
295 3083 394 3148 habet
410 3085 520 3166 frugi,
549 3084 604 3166 qui
627 3085 654 3148 si
677 3103 773 3148 oasus
795 3084 963 3165 genetivus
986 3090 1045 3164 est,
1068 3083 1151 3147 siout
1174 3082 1252 3146 mihi
1273 3082 1363 3146 vide·

233 3193 295 3267 tur,
318 3187 402 3253 inter
434 3187 602 3268 genetivus
636 3186 800 3270 qualitatis
832 3187 902 3252 iure
935 3192 1125 3251 numeratur
1158 3186 1360 3267 etiamtum,

236 3309 311 3355 eum
327 3291 483 3355 omissum
499 3296 549 3356 est
565 3290 661 3352 bonae
677 3290 885 3369 adieetivum;
906 3307 1105 3371 quamquam
1116 3290 1150 3352 in
1161 3289 1270 3370 prisea
1280 3289 1364 3353 sieut

234 3393 268 3459 in
300 3411 400 3458 aurea
426 3393 585 3458 latinitate
614 3392 809 3457 adiectivum
831 3392 980 3474 genetivo
1011 3391 1174 3473 qualitatis
1202 3391 1277 3456 addi
1309 3409 1363 3456 so-

235 3498 280 3563 let
295 3495 328 3582 ¹).
357 3497 506 3579 Namque
533 3495 586 3559 alii
616 3512 745 3578 quoque
775 3513 871 3558 easus
900 3494 995 3558 huius
1022 3495 1113 3558 vocis
1139 3511 1296 3576 persaepe
1318 3495 1363 3558 ita

237 3604 443 3682 usurpantur,
471 3604 507 3662 ut
534 3598 638 3682 qualis
661 3598 733 3680 quis
755 3599 805 3676 sit,
828 3598 867 3661 iis
889 3597 1094 3678 exprimatur.
1138 3596 1210 3676 Qua
1230 3596 1364 3661 notione

235 3703 278 3766 acl
304 3721 379 3767 eum
406 3702 594 3766 aecusutivo
616 3701 751 3784 frugem
777 3700 862 3782 apud
888 3699 1036 3763 Plautum
1063 3695 1224 3763 invenitur¹
1246 3699 1364 3764 Bacch.

238 3807 320 3871 1085
343 3805 454 3888 ecquid
476 3825 544 3866 eum
565 3804 609 3866 ud
630 3806 779 3867 uirtutem
801 3810 858 3866 aaut
880 3803 923 3865 ad
939 3802 1074 3884 frugem
1096 3821 1191 3883 opere
1212 3821 1272 3865 suo
1294 3821 1364 3864 cou-

231 3909 369 3991 puleril;
391 3907 475 3972 Trin.
502 3909 560 3972 118
584 3909 662 3990 quin
684 3909 727 3972 od
743 3909 878 3991 frugem
899 3903 1066 3988 remigis?

339 4116 362 4184 ¹)
389 4113 551 4168 Posterioris
578 4114 649 4166 enim
677 4114 776 4168 aetatis
804 4119 867 4166 sunt
894 4125 963 4180 quae
990 4109 1093 4164 adferri
1119 4109 1207 4162 solent
1229 4108 1364 4175 exempla:

232 4201 313 4264 >bomo
339 4201 429 4255 iustus
454 4202 493 4254 et'
505 4215 612 4253 morum
629 4200 710 4267 Apul.
737 4199 808 4268 apol.
833 4214 893 4267 cap.
916 4201 957 4269 75,
976 4204 1004 4251 et
1021 4197 1097 4250 tomo
1115 4196 1271 4249 litterarum
1288 4197 1365 4264 Syrn-

242 4288 328 4341 maeh.
347 4288 371 4356 1,
390 4288 422 4339 72
440 4287 500 4355 (cfr.
518 4287 641 4354 Draeger
659 4286 674 4355 ξ
695 4287 753 4352 ⁶200,
771 4287 805 4354 5).
