3306 5060
322 330 364 396 ’18

278 536 364 598 neme
395 536 547 618 graeciam
579 535 677 602 Poen.
710 536 774 602 245
803 537 941 600 eiuadnn
966 539 1095 600 seminis
1125 559 1182 602 nos
1207 559 1332 615 sumo&
1357 539 1404 604 ila

277 639 364 704 hunc
397 639 505 704 locum
538 639 724 705 dubitanter
753 640 989 705 constituerunt
1017 638 1118 706 Goctz
1146 648 1178 707 et
1205 642 1322 708 Loewe
1344 660 1403 724 pro

278 759 328 820 ec,
360 742 447 826 quod
471 742 574 807 estin
597 743 621 806 B
649 744 717 805 mus
737 744 866 805 caninis
886 744 1033 805 mulieres
1054 751 1136 808 sunt.
1180 743 1297 827 Ussing
1318 745 1404 810 hunc

277 852 311 910 ct
338 852 529 928 sequentem
554 864 685 911 versum
707 846 835 928 spurios
857 845 966 927 habet,
989 847 1069 912 mire
1093 848 1247 912 enimait
1270 848 1337 910 eius
1358 867 1424 930 aa

276 951 372 1012 minis
393 949 455 1014 dici
477 968 536 1032 pro
559 949 643 1014 eius
665 949 830 1032 generis.
874 949 990 1014 Pseud.
1015 951 1097 1015 1196
1120 971 1209 1033 quom
1230 971 1286 1033 eqo
1307 950 1405 1014 lomi-

275 1072 346 1114 nem
373 1052 495 1115 arellius
507 1049 532 1137 1)
555 1052 668 1115 coloris
694 1053 786 1128 noum
808 1052 867 1118 sed
888 1071 1019 1117 versum
1042 1053 1173 1118 seclusit
1196 1052 1313 1135 Ussing
1333 1054 1404 1116 nul-

276 1155 340 1218 lius
361 1155 474 1218 coloris
499 1156 599 1220 latine
626 1156 672 1220 ita
699 1155 761 1219 dici
784 1173 882 1241 posse
904 1173 1027 1238 negem
1050 1155 1131 1240 (,‚ita
1151 1157 1281 1237 ignotus
1303 1163 1338 1220 ut
1359 1156 1402 1237 id,

275 1258 363 1340 quod
396 1257 482 1323 nullo
506 1258 616 1322 colore
637 1259 819 1340 praeditum
842 1257 936 1343 est“)‚
961 1260 1013 1324 cui
1036 1258 1248 1349 adstipulatur
1270 1259 1403 1340 Langen

276 1358 389 1445 (Plaut.
417 1359 505 1426 Stud.
534 1382 563 1443 p.
586 1360 678 1446 365);
701 1361 788 1444 quod
810 1379 925 1427 vereor
947 1379 989 1427 ne
1011 1362 1128 1426 iniuste
1149 1360 1280 1442 faciant,
1304 1362 1403 1444 siqui-

275 1464 350 1530 dem
371 1465 452 1530 auu.
475 1466 536 1531 997
560 1486 620 1549 quo
642 1467 771 1529 aaran
793 1465 856 1531 utu
878 1471 994 1548 potest.
1016 1503 1060 1512 -
1082 1464 1246 1532 conanus
1267 1466 1404 1549 quaua-
1471 1527 1473 1534 ,
1600 1448 1604 1456 ’

185 1592 188 1599 ’
274 1567 316 1632 tis
349 1569 448 1634 etiam
479 1569 539 1634 hos
568 1570 735 1652 genetivus
765 1569 997 1646 adnumeratus
1026 1569 1136 1636 velim:
1165 1568 1257 1634 Most.
1281 1571 1322 1633 82
1348 1569 1404 1653 qui

274 1672 339 1734 nisi
371 1692 455 1734 itanc
486 1672 578 1750 redit,
606 1692 785 1755 paucorum-
810 1692 951 1735 inensam
979 1677 1054 1734 sunt
1078 1673 1206 1734 relictae
1232 1673 1415 1754 reliquium.

274 1773 315 1838 de
341 1792 406 1856 quo
428 1774 545 1857 Ussing
572 1775 748 1856 ‚,oibaria“‚
776 1775 888 1858 inquit,
922 1775 1170 1857 „intelleguntur
1197 1759 1295 1856 atque
1317 1773 1401 1838 adeo

274 1878 412 1958 pecunia
440 1897 504 1960 qua
533 1896 573 1943 ea
599 1878 707 1959 parari
730 1863 953 1960 possunt“;'h.
977 1896 1003 1942 e.
1026 1877 1066 1944 de
1088 1896 1124 1942 re
1146 1877 1295 1942 familiari
1316 1876 1403 1960 quod

273 1980 432 2063 reliquum
454 1987 504 2046 est
526 2000 649 2062 paucos
671 1969 800 2046 menses
813 1968 966 2046 sufficiet.
1003 1980 1209 2063 Quamquam
1231 1981 1284 2046 hio
1306 1999 1404 2063 gene-

272 2083 358 2147 tivus
380 2083 462 2148 sicut
482 2081 581 2149 Poeu.
608 2085 688 2150 1263
710 2068 877 2146 inultorum
899 2104 1056 2147 annorum
1074 2084 1220 2146 rodamius
1240 2104 1325 2146 nunc
1346 2083 1406 2146 hoc

272 2186 432 2268 uoluptate
462 2187 544 2268 sedo,
578 2187 686 2270 potius
712 2185 851 2253 fortasse
885 2175 1091 2270 genetivus
1120 2205 1325 2252 mensurae
1347 2206 1404 2268 ap-

271 2290 382 2383 pellari
404 2290 516 2372 possit,
540 2291 594 2374 qui
617 2309 692 2356 oum
713 2291 863 2373 genetivo
886 2290 1051 2374 qualitatis
1073 2287 1221 2372 proxime
1244 2296 1403 2371 cognatus

239 2384 242 2390 ’
276 2400 334 2459 cst.
378 2393 523 2476 Denique
549 2412 608 2476 pro
631 2393 781 2476 genetivo
805 2394 967 2476 qualitatis
990 2393 1116 2458 videtur
1137 2391 1312 2466 habendun
1335 2409 1406 2457 osse

276 2496 375 2562 Stich.
409 2498 472 2563 383
500 2503 589 2578 poste
621 2503 784 2579 unguenta
816 2497 1057 2579 multigerwrcm
1087 2497 1196 2572 tanda,
1231 2494 1319 2579 quod
1345 2513 1404 2577 pro

275 2601 483 2666 multorum
515 2618 703 2681 generum
737 2599 800 2664 dici
833 2599 1009 2664 Buecheler
1041 2606 1084 2682 (p.
1119 2597 1193 2682 141)
1228 2597 1407 2678 contendit;
1518 2631 1520 2638 ι

276 2703 363 2768 Asin.
390 2704 453 2768 299
479 2709 552 2785 quot
576 2702 682 2784 pondo
709 2702 761 2764 ted
781 2721 845 2764 esse
867 2720 970 2763 censes
992 2701 1129 2776 necdum
1150 2700 1191 2764 ib.
1208 2701 1275 2764 '301
1299 2700 1404 2762 nudus

182 2819 184 2823 ’
275 2809 401 2870 uinctus
428 2813 549 2869 centum
571 2805 713 2888 pondo’s.
735 2841 778 2850 —
800 2803 847 2868 Dc
869 2803 986 2868 Bacch.
1008 2804 1028 2869 9
1052 2804 1110 2866 illc
1134 2804 1194 2865 mei
1215 2802 1406 2885 cognominis

270 2911 353 2994 suit,
387 2916 419 2976 et
452 2910 491 2974 de
524 2909 617 2974 Most.
645 2908 708 2972 814
733 2913 854 2992 te'cssc
879 2905 1012 2970 humani
1041 2907 1148 2990 ingeni
1175 2927 1202 2970 v.
1230 2904 1313 2970 inira
1345 2903 1405 2970 sub

275 3013 424 3097 genetivo
447 3011 610 3077 obiectivo
633 3017 665 3077 et
686 3009 884 3093 possessivo.

381 3218 467 3283 Inter
498 3218 666 3300 genetivos
699 3217 864 3300 qualitatis
898 3215 1036 3298 denique
1070 3213 1289 3279 numerandos
1321 3231 1419 3279 esset

276 3340 395 3389 censeo
412 3307 485 3402 'eos
509 3323 564 3404 qui
586 3329 661 3387 sunt

376 3424 466 3511 lrugi
500 3425 609 3506 bonae,
640 3437 722 3508 quos
745 3443 818 3488 cum
841 3422 941 3488 verbo
965 3439 1051 3487 esse
1075 3419 1240 3502 coniungit
1261 3418 1419 3495 Plautus,-

276 3527 366 3611 Capt
389 3530 451 3595 956
474 3528 571 3592 bonus
593 3529 648 3590 uir
669 3547 840 3609 numqaum
862 3545 960 3608 neque
975 3524 1077 3606 frugi
1099 3522 1196 3585 bonae
1218 3542 1315 3604 neque
1338 3541 1406 3597 ero‚·

228 3704 231 3710 ,
276 3631 348 3698 Cas,
369 3633 431 3698 327
453 3632 607 3715 siquidem
629 3637 663 3693 lu
679 3630 781 3713 frugi
802 3627 941 3704 ὂοηαεές
962 3626 1060 3692 Poen.
1082 3625 1145 3691 845
1168 3615 1262 3708 quoni
1282 3625 1349 3706 ipsc
1363 3624 1405 3686 sit

268 3735 369 3820 frugi
391 3735 501 3810 donea
523 3734 564 3798 ib.
590 3735 671 3800 1226
694 3739 728 3794 tu
746 3731 846 3815 frugi
868 3729 1007 3806 bouada·
1028 3728 1143 3795 Pseud.
1166 3728 1229 3794 339
1251 3727 1327 3790 datm
1347 3746 1400 3808 ego

274 3841 393 3916 uittam,
423 3857 594 3920 nutuquom
621 3837 681 3899 erit
704 3835 805 3917 frugi
826 3833 936 3910 bocca
958 3833 999 3897 ib.
1021 3832 1085 3897 468
1107 3839 1211 3894 tumeo
1233 3849 1285 3892 ero
1301 3829 1403 3912 fraqi

375 4065 395 4132 ²)
413 4061 523 4131 nulius,
542 4060 615 4130 quod
633 4061 661 4112 in
680 4059 757 4112 libris
776 4061 827 4127 est,
846 4055 1019 4110 retinendum
1038 4067 1096 4107 esse
1115 4065 1210 4106 censeo
1222 4049 1281 4118 (cfr.
1294 4051 1401 4104 Lorenz

274 4148 310 4202 ad
333 4148 360 4201 h.
383 4148 402 4201 l.
426 4155 454 4201 et
470 4146 569 4215 Luchs,
589 4146 623 4198 de
640 4148 727 4214 genet.
746 4160 773 4212 p.
796 4143 846 4194 336
865 4145 921 4196 not
940 4142 955 4192 1
974 4141 1003 4194 in
1021 4136 1200 4194 studemundi
1218 4135 1317 4204 scudg
1335 4132 1406 4189 nulli

273 4250 333 4287 cum
350 4233 452 4303 Pylade
470 4233 613 4302 proposuit
630 4230 748 4285 Ritschl.
