3306 5060
306 384 368 449 164

366 589 425 654 Hic
447 591 538 656 locos
560 591 734 656 nonnullos
756 575 917 667 tractabo(
937 591 992 656 ubi
1014 597 1122 657 utrum
1143 593 1327 676 genetivum
1351 591 1397 658 ed

260 710 313 755 rec
344 691 484 757 reseram
513 691 557 758 en
590 694 683 759 aliter
710 694 876 776 explicem,
901 695 986 759 ‘satis
1012 701 1119 760 certus
1142 715 1208 762 non
1230 715 1302 760 sum
1325 693 1397 781 (cfr.

261 802 369 888 genet.
393 797 528 879 quantit
548 816 659 884 perun
690 794 768 881 rce);
797 794 866 886 Aul.
889 797 951 863 803
975 797 1052 859 doec
1071 799 1303 880 propemodum
1327 801 1394 860 iem

261 896 295 959 in
333 898 419 959 uodo
453 899 570 961 solutio
604 918 655 959 res
693 899 840 975 uidetm·;
873 899 926 963 hie
963 901 1131 981 genetivus
1164 907 1196 964 et
1230 899 1272 964 ad
1306 899 1393 963 uodo

263 1000 361 1064 etad
389 1019 440 1060 res
469 999 596 1065 videtur
627 999 738 1064 referri
770 1005 882 1082 posse:
917 1018 991 1065 cum
1013 1001 1067 1067 illo
1089 1003 1199 1067 nescio
1222 1020 1264 1066 en
1286 1002 1399 1084 potius

266 1102 498 1168 coniunxerim.
531 1101 619 1167 Asin.
642 1105 705 1168 219
727 1124 792 1166 rem
817 1104 946 1166 coluout
968 1108 1102 1188 aucupe}
1122 1123 1182 1188 pro
1204 1105 1314 1170 dativo
1337 1126 1395 1169 ou·

265 1208 341 1287 cupi
363 1207 471 1287 potins
493 1205 631 1296 hebetur
653 1224 694 1271 ex
712 1207 840 1269 soiuont
863 1206 1025 1289 pendenti,
1042 1227 1140 1290 quem
1163 1227 1222 1290 pro
1245 1207 1398 1290 genetivo

263 1308 305 1372 ad
339 1329 406 1370 rem
428 1308 539 1373 relato.
578 1308 662 1396 Trin.
693 1309 764 1392 629Ι
785 1309 815 1369 si
841 1309 876 1370 in
907 1330 972 1371 rem
999 1309 1305 1392 tuom-Lesbonice,
1328 1329 1397 1373 csse

265 1410 423 1488 videatur,
447 1412 573 1491 pieriae
596 1418 653 1473 out
676 1411 794 1489 fernae,
818 1411 940 1486 sinuum
962 1411 1014 1476 hic
1037 1411 1163 1477 dubitat
1184 1412 1269 1493 Brix,
1287 1419 1395 1477 utrum
1505 1458 1511 1470 ·

262 1514 431 1594 genetivus
461 1531 504 1577 an
527 1513 654 1577 dativus
676 1513 908 1595 intellegendus
932 1515 984 1580 sit:
1007 1520 1157 1579 neutrum
1180 1514 1339 1597 approbet
1362 1520 1396 1580 et

261 1617 371 1682 locum
401 1623 588 1698 corruptum
611 1635 683 1681 esse
705 1622 804 1699 putat.
848 1616 965 1698 Ussing
986 1618 1172 1698 genetivum
1195 1636 1234 1683 ex
1256 1639 1322 1680 esse
1344 1619 1395 1680 ui·

262 1720 381 1782 deutur
402 1721 544 1802 pendere
567 1725 688 1800 censet,
711 1725 747 1782 ut
770 1719 824 1800 „in
845 1738 914 1784 rem
937 1723 1058 1783 tuam“.
1097 1720 1252 1803 Equidem
1275 1720 1316 1786 de
1338 1738 1396 1802 ge·

232 1823 372 1909 ,netivo
407 1823 485 1886 nihil
519 1821 640 1901 dubito,
675 1821 733 1886 sed
764 1822 912 1904 exemplo
949 1820 1163 1888 Ciceroniano
1200 1827 1396 1904 commotus

263 1924 351 2007 quod
379 1910 483 1988 edient
509 1923 619 1989 Auber
649 1923 720 2006 (1.1.
743 1943 773 2006 p.
795 1922 862 2007 34):
886 1925 1054 1987 nonnullis
1075 1925 1168 1987 rebus
1190 1923 1395 2007 (inferiorem

262 2048 358 2111 quem
384 2029 439 2108 te),
461 2029 589 2111 pencris
611 2035 640 2088 et
660 2031 800 2089 noeniuis
826 2027 896 2090 dico
917 2026 990 2109 (pro
1006 2027 1114 2093 Plane.
1130 2029 1181 2110 12,
1196 2027 1261 2112 30),
1278 2046 1394 2110 epexe-

260 2131 365 2213 getice
388 2129 518 2193 adrem
543 2144 633 2192 tieem
656 2130 840 2210 genetivum
863 2129 1009 2198 referem.

256 2547 258 2554 ’
364 2543 535 2609 Postremo
568 2543 717 2625 genetivo
750 2541 917 2607 celationis
951 2541 1123 2605 nonnullos
1156 2541 1323 2622 genetivos
1357 2556 1397 2606 ex

261 2646 370 2713 verbis
391 2646 571 2730 pendentes
593 2646 787 2728 subiungere
809 2644 906 2724 volui,
930 2643 1017 2726 quod
1035 2644 1200 2726 quomodo
1215 2641 1396 2725 explicandi

263 2755 383 2829 essent,
419 2754 526 2815 certus
561 2767 628 2813 non
661 2764 759 2813 enam.
803 2745 853 2810 Ab
888 2745 958 2810 eliis
985 2746 1076 2810 aliter
1103 2746 1303 2828 explicentur
1325 2743 1395 2829 (cir.

262 2852 359 2918 Loch.
382 2872 411 2935 p.
435 2849 498 2936 27).

366 2950 534 3040 compendi
550 2953 673 3036 secere,
697 2951 814 3016 Bacch.
841 2950 901 3015 183
922 2950 1084 3032 compendi
1106 2949 1312 3013 uerbomuita
1330 2950 1397 3013 iam

258 3058 391 3142 focium
415 3056 487 3132 tibi·
513 3054 605 3120 Most.
628 3055 671 3119 60
692 3053 845 3116 orationis
867 3073 994 3136 operam
1016 3053 1176 3135 compendi
1192 3053 1286 3135 fuce·
1307 3051 1397 3118 Pers,

267 3162 330 3227 471
360 3181 414 3244 epo
441 3158 539 3222 hodie
554 3157 707 3240 conpendi
727 3157 799 3239 feci
821 3155 908 3219 binos
925 3176 1028 3239 penes
1049 3157 1084 3218 in
1104 3155 1189 3231 diem
1210 3154 1309 3221 Poen.
1331 3155 1392 3220 351

262 3263 309 3327 sci
342 3263 453 3345 copies
487 3281 596 3326 curum
628 3258 710 3323 uam
731 3258 846 3341 fecere
868 3251 1022 3342 conpendi
1036 3265 1141 3340 potem
1173 3257 1288 3323 Pseud.
1313 3255 1393 3322 1141

262 3386 389 3449 operam
416 3365 480 3447 foc
512 3363 675 3445 compendi
700 3383 866 3447 puccinum
896 3361 990 3427 Truc.
1012 3361 1074 3427 377
1096 3363 1126 3424 si
1147 3362 1225 3444 quid
1245 3360 1302 3424 not
1325 3381 1396 3425 con·

256 3467 358 3551 pendi
384 3468 500 3550 fecere
523 3467 653 3548 poesim.
697 3464 830 3531 Pessive
861 3469 1035 3547 usurpetur
1065 3462 1198 3530 verbum
1220 3461 1308 3528 Asin.
1331 3463 1392 3530 307

262 3569 565 3635 uerbiuclitotioncm
579 3567 660 3650 ficri
682 3567 834 3650 conpendi
856 3567 945 3642 etoio‚·
966 3566 1057 3647 Cepi.
1081 3567 1145 3632 965
1165 3566 1221 3628 sed
1242 3564 1396 3646 iomfieri

262 3675 350 3738 dicte
372 3672 525 3755 conpendi
546 3672 633 3748 uoto,·
654 3670 810 3736 librorum
833 3670 992 3753 scripture
1013 3669 1107 3733 dictis
1128 3668 1335 3751 conpendium
1349 3668 1396 3733 ite

267 3777 441 3843 emendata
464 3780 521 3854 est.
807 3845 810 3850 ¹

369 3878 459 3944 Alius
482 3882 531 3944 est
554 3877 731 3960 genetivus
755 3877 810 3960 qui
833 3894 873 3942 ex
895 3873 1109 3958 compendium
1117 3875 1233 3957 facere
1247 3871 1396 3958 („erspe-

264 3987 342 4048 ren“
367 3981 491 4048 Lorenz
515 3981 557 4046 ad
578 3980 693 4048 Pseud.
715 3980 792 4062 584)
817 3979 948 4061 pendet:
970 3977 1085 4042 Pseud.
1107 3972 1171 4044 605
1188 3975 1395 4058 conpendium

255 4107 316 4169 epo
346 4091 374 4148 te
391 4086 507 4168 fecere
523 4084 677 4166 poliendi
697 4083 784 4158 uolo;
812 4082 892 4146 Rud.
919 4080 1029 4146 tuost
1050 4080 1237 4157 adsonem,
1261 4099 1321 4161 quo
1343 4099 1394 4141 ca·

256 4190 367 4272 pessit,
393 4209 429 4250 eo
452 4189 597 4250 deorsum
619 4186 714 4264 cadit,
738 4185 908 4248 erectionis
917 4184 1036 4266 fecerit
1049 4182 1274 4266 conpendium;
1295 4180 1395 4247 Stich.

263 4293 326 4357 194
337 4291 412 4354 decc
423 4289 516 4353 cerdo
529 4288 680 4372 eubipunt
690 4309 738 4351 me
750 4340 756 4353 .
768 4339 775 4353 .
788 4339 795 4352 .
811 4294 847 4350 ut
855 4288 984 4371 sociem
990 4287 1159 4369 praeconis
1171 4284 1396 4367 compendium.
