3312 5060
285 540 332 604 De
361 539 452 603 Most.
483 539 524 603 82
550 557 731 618 patruorum
761 556 907 602 mensum
934 542 1014 602 sunt
1042 535 1173 601 relictae
1203 535 1361 618 reliquiae
1387 557 1416 599 v.

286 642 345 706 sub
369 643 519 723 genetivo
542 640 713 722 qualitatis,

387 761 489 829 parua
511 761 574 808 res,
618 742 734 826 Amph.
758 744 821 808 633
844 742 932 806 satin
945 761 1058 824 partia
1075 762 1126 805 res
1141 745 1188 804 est
1206 740 1413 821 uoluptatum

284 847 323 910 in
340 846 419 910 uita
441 850 537 927 atque
559 845 597 908 in
619 849 723 909 aetate
747 843 890 927 apuntla,
908 863 1087 925 praequam
1104 844 1188 925 quod
1203 842 1414 923 monstrares

286 969 336 1012 res
358 948 568 1030 uoluptatum
591 967 611 1012 a
632 949 756 1014 Mureto
780 968 854 1012 eum
876 967 995 1028 graeco
1018 952 1052 1014 oi
1077 953 1182 1034 χρῆμα
1204 948 1417 1032 11νῆ111νώ1

286 1058 502 1134 comparatur,
539 1051 631 1133 quasi
653 1070 712 1132 pro
735 1049 914 1130 oolrrptates
936 1052 1058 1116 dictum
1082 1052 1131 1131 sit,
1165 1051 1345 1132 eademque
1367 1056 1416 1114 est

286 1156 446 1219 sententia
477 1155 594 1218 Holtzii
621 1153 664 1237 (p.
688 1153 731 1238 1),
764 1153 874 1217 Lochii
903 1155 944 1234 (p.
965 1153 1010 1235 4),
1040 1153 1180 1218 Schaafii
1207 1153 1250 1237 (p.
1273 1151 1341 1236 24);
1374 1151 1416 1215 ab

286 1257 434 1337 Ussingio
458 1255 666 1336 tooluptatum
689 1276 748 1337 pro
771 1256 919 1336 genetivo
943 1257 1133 1338 quantitatis
1153 1256 1306 1340 (generis)
1328 1261 1416 1320 recte

286 1359 437 1438 habetur3
454 1379 568 1440 parua
592 1379 643 1421 res
666 1359 751 1422 enim
775 1363 825 1422 est
848 1360 985 1440 „exigua
1007 1362 1115 1441 pars“,
1139 1359 1277 1442 paulum.

387 1460 534 1546 spatium.
578 1462 673 1526 Mera.
706 1462 768 1525 547
805 1459 898 1524 breue
932 1461 998 1526 iam
1032 1462 1186 1526 relicuom
1219 1461 1309 1526 uitae
1342 1480 1415 1542 spa·

287 1563 418 1638 tiumst;
452 1564 548 1629 Stich.
583 1565 619 1626 81
657 1563 788 1628 decurso
821 1564 940 1628 aetatis
969 1566 1073 1646 spatio
1105 1586 1177 1630 cum
1207 1564 1284 1628 meis
1307 1583 1416 1647 perere

214 1659 216 1663 ’
268 1665 411 1730 tellum.
695 1732 698 1736 ,

389 1788 518 1835 summa.
563 1770 648 1852 Epid.
681 1772 740 1834 105
767 1789 911 1833 meorum
940 1790 1126 1834 maerorum
1150 1775 1246 1850 atque
1269 1789 1416 1834 amorum

238 1867 241 1874 ’
286 1895 446 1940 summam
469 1873 612 1938 edictaui
636 1871 792 1950 1111111.
815 1875 857 1939 46
880 1877 1009 1952 quanta
1029 1873 1127 1936 istaec
1146 1871 1315 1937 lominum
1330 1893 1416 1936 snm·

285 1983 384 2058 mast·
418 1979 509 2043 Truc.
539 1979 581 2043 25
609 1997 708 2058 quarn
732 1996 833 2058 penes
860 1980 1033 2040 amantum
1059 1994 1186 2038 summa
1213 1994 1416 2038 summarum

285 2082 379 2147 redit.
416 2082 480 2147 Sed
503 2081 630 2146 difficile
653 2081 739 2144 dictu
762 2086 821 2159 est,
843 2080 927 2143 inter
949 2097 1032 2160 quos
1054 2079 1220 2158 genetivos
1243 2077 1295 2140 hic
1318 2077 1416 2156 potis·

287 2187 404 2250 simum
428 2185 647 2249 numerandus
671 2185 719 2247 sit.

269 2341 272 2345 .
389 2287 524 2373 tempus.
568 2287 664 2351 Mero.
700 2286 762 2350 984
795 2287 834 2347 ut
868 2287 991 2362 tempus
1024 2280 1111 2344 anni
1142 2283 1280 2343 aetatem
1313 2277 1414 2342 aliam

288 2390 381 2456 aliud
402 2390 527 2472 facturn
550 2390 709 2467 condecet·
731 2388 817 2451 Asin.
841 2387 904 2451 253
927 2384 969 2448 oa
991 2383 1047 2447 hoc
1069 2381 1133 2446 diei
1157 2386 1279 2464 tempus
1297 2379 1415 2444 dormi-

289 2494 380 2573 tasti·
402 2494 483 2558 Trin.
501 2490 565 2556 '811
591 2491 728 2572 denique
750 2489 815 2553 oliei
838 2492 960 2568 tempus
981 2505 1051 2551 non
1073 2485 1173 2552 nieles.
1393 2480 1396 2488 '

390 2596 593 2662 thensaurus.
637 2593 706 2658 Aut.
727 2591 853 2675 'protl
885 2589 966 2652 1111
998 2609 1079 2654 auos
1112 2586 1307 2653 concredidit
1339 2584 1417 2649 artri

289 2700 504 2765 thensaurum
512 2721 523 2777 ,·
552 2698 648 2763 Mero.
674 2697 734 2762 163
759 2699 794 2759 tu
817 2693 945 2775 quidem
969 2693 1182 2757 thensaurum
1207 2689 1416 2754 1111111111-

282 2803 464 2885 portauisti
496 2801 594 2875 mali;
626 2801 667 2864 ib.
691 2800 748 2864 641
782 2797 995 2862 thensaurum
1017 2795 1124 2860 nescio
1150 2813 1243 2876 prtem
1262 2811 1418 2856 memoras

288 2905 386 2982 mali;
415 2905 501 2982 Asin,
532 2903 594 2968 655
623 2901 658 2964 eli
682 2905 710 2964 te
731 2900 916 2964 seruassint
936 2919 1066 2980 semper,
1092 2881 1291 2962 thensaurus
1313 2893 1416 2976 copia·

288 3029 371 3073 rum.
398 3045 437 3053 —
461 3007 507 3070 De
529 3005 613 3068 Trin.
639 3005 698 3068 152
723 3002 959 3068 thensaurum.
977 3055 982 3066 .
999 3020 1192 3066 ‚nicaenum
1209 2997 1417 3079 Philippeum

289 3111 331 3175 aot
355 3109 421 3173 tria
443 3107 536 3171 milia
559 3128 586 3172 v,
609 3105 692 3170 infra
714 3113 818 3187 genet.
842 3113 922 3188 part.
945 3104 1047 3169 milia.

392 3209 546 3276 triduum.
589 3210 706 3274 Bacch.
733 3209 794 3274 461
828 3208 968 3272 triduom
991 3226 1060 3272 non
1083 3207 1219 3270 interest
1240 3202 1358 3269 aetatis
1381 3205 1420 3266 nt

289 3314 394 3378 maior
415 3313 482 3376 siet.
522 3354 525 3361 -

392 3414 496 3480 uncia.
540 3415 621 3478 Men.
644 3415 707 3478 526
731 3418 827 3494 atque
850 3412 912 3476 lico
931 3417 971 3476 ut
984 3411 1087 3476 addas
1102 3411 1180 3475 auri
1190 3408 1299 3491 pondo
1314 3427 1418 3472 unam

273 3516 438 3598 unciam·
461 3519 541 3582 Rud.
564 3519 626 3582 913
650 3536 752 3598 neque
770 3516 910 3598 piscium
932 3513 1035 3579 ullam
1058 3513 1191 3578 trucium
1203 3511 1312 3593 pondo
1327 3509 1419 3574 hodie

290 3619 370 3702 cepi·
392 3629 531 3704 utroque
555 3623 627 3686 loco
645 3620 755 3702 pondo
778 3620 923 3683 additum
947 3625 1004 3682 est.

392 3743 484 3790 urna.
529 3724 599 3790 Cas
623 3725 701 3807 prol.
724 3726 765 3789 16
785 3722 907 3804 pipnus
928 3721 1005 3785 clato
1026 3719 1065 3783 in
1087 3737 1210 3783 urnam
1233 3715 1340 3780 mulsi.

392 3825 578 3891 *satillum
612 3829 696 3891 Trin.
713 3829 775 3891 492
791 3826 863 3889 cleos
878 3825 989 3888 decent
1004 3820 1189 3906 opulentiae
1204 3823 1234 3883 et
1247 3817 1420 3900 factiones:

290 3951 406 3995 uerrtm
428 3949 488 3994 nos
509 3929 700 3994 nomunculi
722 3927 876 3994 uatillum
901 3927 1046 3992 animai:
1070 3945 1168 4006 quam
1190 3924 1419 4004 1111111111-

285 4032 342 4114 plo
369 4033 525 4110 amiseris,
556 4052 656 4114 aequo
679 4031 845 4096 mendicus
867 4035 963 4111 atque
987 4028 1040 4093 ille
1063 4025 1327 4109 oppulentissimam
1349 4041 1419 4086 cen·

290 4139 380 4200 setur
403 4155 517 4214 consta·
540 4135 594 4199 ubi
617 4134 782 4214 uatillum,
806 4136 824 4200 i.
848 4152 873 4199 e.
896 4134 1041 4198 batillum
1066 4131 1206 4197 coniecit
1220 4131 1347 4207 Laetae,
1363 4126 1420 4190 sed

291 4257 405 4302 versus
439 4244 608 4319 corruptus
643 4243 699 4302 est.
743 4237 805 4328 Alii
838 4235 1054 4319 stalapmium
1093 4235 1148 4298 alii
1179 4229 1333 4307 scintilla,
1368 4229 1421 4292 alii

1634 664 1640 850 i
