3306 5060
457 1234 753 1338 Genetivus
797 1233 1165 1336 subiectivus

350 1513 525 1580 Genetivus
558 1513 764 1593 subiectivus,
799 1515 854 1596 qui
887 1532 926 1578 ex
953 1512 1165 1578 substantivis
1186 1510 1370 1576 verbalibus

246 1618 374 1702 pendet,
405 1617 499 1700 quasi
532 1616 668 1682 subiecti
700 1633 834 1682 munere
860 1615 1009 1698 fungitur,
1034 1616 1126 1681 euius
1148 1614 1371 1697 praedicatum

247 1726 297 1786 est
332 1719 569 1785 substantivum
604 1737 729 1802 regens
773 1717 853 1784 Cum
890 1720 1041 1802 genetivo
1079 1717 1265 1801 possessivo
1303 1723 1372 1784 arte

247 1823 407 1889 cohaeret.
451 1822 486 1888 ln
519 1823 628 1886 multis
660 1841 738 1889 vene
772 1822 926 1904 exemplis
960 1821 1146 1902 ambiguum
1176 1826 1235 1901 est,
1265 1826 1373 1884 utrum

247 1925 419 2007 obiectivo,
443 1943 486 1989 an
508 1925 687 1991 subiectivu
710 1944 809 1991 sensu
830 1926 955 2010 positus
977 1925 1018 1990 sit
1040 1925 1217 2008 genetivus,

349 2027 517 2094 aduentus.
561 2027 645 2093 ibin.
678 2029 740 2093 744
768 2029 797 2091 si
826 2030 967 2110 opperiri
992 2028 1044 2090 uis
1070 2028 1241 2090 aduentum
1276 2024 1374 2088 Oiar-

246 2130 326 2194 midi
333 2152 343 2206 ;
364 2129 462 2196 Stich.
478 2131 555 2211 283;
577 2122 677 2198 Mero(
686 2133 750 2198 236
772 2130 820 2193 ait
834 2151 899 2193 sese
912 2130 1003 2194 iilius
1017 2149 1112 2212 opera
1126 2136 1219 2212 utque
1233 2129 1372 2192 aduentu

246 2251 361 2315 caprae
380 2233 549 2315 fluuitium
574 2234 775 2296 etiamnum
790 2232 926 2313 feninea
953 2232 1068 2315 Amph.
1093 2233 1367 2297 assabinum

245 2337 370 2400 saluam
395 2337 522 2400 nuntiat
549 2343 606 2399 aut
627 2336 705 2398 irati
726 2335 897 2398 aduentum
918 2337 1017 2412 senis,·
1046 2335 1139 2400 Most.
1163 2337 1240 2415 3813
1273 2335 1367 2399 True.

245 2439 309 2504 204
330 2439 441 2522 quoius
463 2440 631 2504 abacista
652 2439 821 2502 aduentum
845 2439 972 2520 expetit.

348 2541 465 2607 abitus
508 2542 622 2626 Amph.
652 2543 716 2608 645
742 2541 912 2624 perferam
943 2561 1040 2624 usque
1071 2540 1191 2604 abitum
1212 2540 1280 2603 eius
1302 2541 1371 2602 uni-

245 2665 293 2708 mo
310 2645 406 2728 forti

348 2747 475 2814 amatis.
519 2747 706 2814 Ruu1204
735 2748 830 2812 nimis
853 2768 954 2830 paene
984 2749 1091 2829 'inepta
1120 2753 1148 2808 et
1174 2745 1283 2809 odiosa
1305 2747 1372 2808 eius

245 2851 400 2915 nutationi.

346 2970 444 3019 amur.
484 2953 572 3018 Asin.
596 2955 635 3018 77
659 2955 729 3018 uolo
751 2953 854 3017 amori
875 2952 1049 3018 obsecutum
1070 2953 1179 3027 itlius
1200 2950 1368 3034 genetivus

245 3055 440 3122 subieetivus
471 3075 543 3124 esse
573 3056 708 3134 videtur,
738 3057 795 3122 sed
825 3061 930 3122 totum
958 3075 1086 3122 versum
1117 3054 1368 3121 aFleekeiseno

244 3159 380 3242 aliisque
411 3161 574 3226 seclusum
609 3160 792 3242 approbant
819 3158 920 3225 Goetz
952 3166 984 3226 et
1010 3161 1136 3226 Loewe.
1168 3159 1281 3226 Pseud.
1307 3159 1371 3224 498

244 3283 306 3345 qua
323 3270 456 3345 propter
475 3265 567 3346 quati
588 3264 706 3326 amoris
728 3270 756 3326 te
777 3269 933 3344 emperiam
954 3263 1130 3326 habuerim.

346 3364 518 3440 arbitratu.
554 3366 634 3431 Rud.
659 3367 742 3432 1002
764 3365 870 3430 niduli
890 3366 1050 3430 arbitratu
1071 3365 1186 3447 iiafit,·
1208 3365 1292 3431 Trin.
1308 3368 1372 3432 990

245 3468 413 3551 uapuiubis
446 3489 510 3532 meo
541 3468 723 3533 arbitratui
754 3476 783 3532 et
808 3489 962 3558 nouarum
982 3470 1150 3544 aedilium;
1182 3470 1262 3534 Rud.
1289 3469 1369 3534 1002

244 3573 355 3656 quoius
382 3572 542 3636 arbitratu
565 3572 678 3655 facere
706 3592 762 3637 nos
783 3571 843 3636 uis.
865 3609 908 3620 —
935 3570 1046 3636 Viduli
1067 3571 1225 3634 arbitratu
1247 3571 1293 3632 itu
1307 3569 1372 3650 fit5

244 3674 392 3742 ib.1005
423 3675 535 3758 quoius
567 3675 643 3740 bueo
675 3697 724 3738 res
756 3675 915 3739 arbitratu
940 3675 1021 3758 fieb·
1052 3674 1166 3740 Pseud.
1189 3677 1250 3739 271
1278 3674 1313 3736 di
1341 3680 1369 3735 te
1408 3675 1410 3678 ’

244 3777 377 3860 deaeque
408 3785 512 3842 ament
541 3780 593 3842 uei
612 3778 709 3844 buius
730 3779 890 3842 arbitratu
911 3780 962 3842 uel
982 3798 1066 3855 meo;
1098 3779 1178 3842 Rud.
1207 3778 1289 3843 1035
1313 3778 1371 3840 viia

244 3881 299 3962 qui
320 3881 355 3944 in
377 3880 436 3944 bac
457 3882 538 3945 uilla
560 3880 682 3945 habitat
703 3883 771 3946 eius
792 3881 951 3946 arbitratu
965 3881 1054 3962 fieri.

346 3982 531 4070 euspicium.
574 3985 663 4068 Epid.
695 3986 757 4052 381
790 3987 909 4050 uirtute
940 3993 1034 4069 atque
1065 3985 1207 4067 auspicio
1240 3983 1370 4066 Epidici

245 4106 314 4150 eum
331 4087 456 4168 praeda
477 4091 512 4154 ia
534 4095 640 4152 eastra
662 4089 760 4153 redeo.
796 4089 911 4172 Amph.
930 4091 989 4154 192
1008 4089 1138 4170 imperio
1156 4094 1248 4169 atque
1263 4087 1371 4168 nuspi-

245 4190 293 4252 cio
314 4191 374 4254 mei
395 4193 442 4256 eri
463 4191 705 4275 Amphitruonis
727 4191 784 4276 (se.
807 4198 1056 4275 expugnatumst
1079 4191 1255 4278 oppidum).

345 4293 510 4364 auxilium.
554 4295 640 4360 Pers
664 4297 705 4360 83
728 4295 840 4377 quoius
861 4296 940 4360 mibi
960 4297 1112 4360 uivuiiiost
1134 4315 1221 4377 opus.
