3306 5060
1288 302 1328 366 83

347 510 465 565 natura.
509 506 602 566 Trim.
638 509 699 566 812
733 508 802 582 qaid
833 509 914 568 illam
942 513 1033 583 putas
1064 513 1172 568 catara
1203 509 1256 568 illa
1286 514 1371 584 atque

244 609 365 664 racemo.

346 678 482 736 moribus.
526 676 607 754 Oapt.
648 680 707 738 105
739 681 787 740 ille
821 679 932 740 demam
964 682 1091 755 aatiqms
1124 684 1167 738 est
1198 679 1364 740 adulescens

244 763 387 834 maribam
416 761 501 825 aure.
532 765 591 823 146
613 765 696 824 uideo
719 770 745 824 te
764 769 915 826 inmutatis
935 767 1064 826 moribas
1086 782 1161 837 esse;
1183 763 1276 824 Stich.
1304 767 1363 825 105

244 849 346 922 quibas
374 854 525 909 matronas
552 851 681 910 moribus
706 870 779 926 qaae
805 856 938 926 optumae
959 856 1027 912 saut
1048 870 1108 912 esse
1130 855 1254 925 oportet;
1283 852 1366 912 Triu.

246 934 307 992 283
338 938 406 994 mom
436 954 484 1009 eqo
514 937 565 995 boc
592 938 745 1007 saeculam,
768 939 896 998 mombas
918 939 1021 1013 quibus
1042 941 1095 1010 sit‚·
1116 939 1156 998 ib.
1180 935 1242 1000 825
1266 943 1292 996 te
1313 957 1371 998 om·

244 1039 294 1079 aes
325 1039 496 1096 soeaomqm
527 1041 718 1097 sacrorumque,
742 1024 838 1084 aridis
862 1026 990 1084 moribus
1022 1028 1249 1095 commemoraat5
1280 1024 1369 1086 Truc.

245 1125 305 1182 arg.
337 1107 356 1164 5
383 1109 541 1182 aimoyno
563 1127 663 1169 seraos
685 1115 728 1169 est
749 1128 783 1170 ac
806 1111 933 1172 tracibas
953 1111 1091 1171 moribus.
1122 1110 1205 1168 Triu.
1230 1110 1291 1168 295
1307 1129 1368 1169 mco

244 1192 327 1251 modo
348 1194 477 1252 moribus
498 1197 589 1254 aiaito
612 1198 744 1270 antiquis,

346 1279 426 1337 Tum
456 1280 488 1338 in
515 1280 644 1339 ablativo
671 1281 820 1356 qualitatis
843 1291 996 1359 ponuntur
1018 1301 1053 1341 sa
1075 1282 1267 1359 substantiva,
1290 1302 1366 1356 quae

243 1365 302 1422 iam
325 1383 378 1441 per
399 1383 431 1423 se
453 1366 624 1441 qualitatem
646 1369 826 1444 exprimunt,
850 1369 950 1443 qualia
972 1378 1054 1426 suut:

346 1450 479 1512 audacia.
515 1453 581 1511 Mil.
604 1454 668 1512 464
690 1473 777 1528 aeque
798 1473 881 1528 eques
902 1473 990 1528 aeque
1007 1454 1096 1528 pedes
1113 1455 1276 1528 profectost
1291 1455 1368 1527 qais·

244 1553 330 1608 qaam
353 1541 435 1597 taato
456 1539 590 1598 audacia.

344 1622 407 1694 fide.
452 1625 516 1685 Mil.
551 1625 631 1684 1369
662 1625 759 1684 dicaat
787 1629 812 1684 te
840 1625 1002 1684 mendacem
1030 1624 1372 1696 aecaeramesse,1ide

243 1707 323 1766 malla
345 1727 406 1768 esse
428 1714 454 1768 te
476 1708 541 1788 (cfr.
565 1711 641 1768 infra
662 1713 789 1786 uirtute).
891 1756 894 1760 ⁷

344 1795 524 1866 comidmtc'a.
568 1797 646 1856 Rud.
670 1798 732 1855 645
756 1798 821 1871 qais
841 1798 953 1856 bomost
975 1801 1057 1856 toata
1078 1795 1260 1868 coaddmtia.

343 1881 448 1955 ylario.
490 1881 600 1943 Bacch.
628 1883 668 1940 26
701 1902 788 1957 aeque
815 1883 847 1941 id
874 1883 953 1943 baad
983 1883 1130 1942 sabditiaa
1161 1883 1290 1942 arbitror
1309 1883 1368 1956 ylo-

242 1982 380 2024 maesse.

344 2052 359 2083 *
380 2052 590 2112 misericordia.
641 2054 732 2112 Most.
766 2054 828 2112 802
862 2054 1063 2113 misericordia
1093 2053 1183 2112 stalta
1209 2053 1280 2112 boat
1307 2071 1369 2112 esse

241 2137 380 2196 bominem
403 2143 528 2212 oportet;
549 2141 693 2216 lacunam,
712 2159 787 2215 quaa
809 2141 842 2198 in
864 2149 947 2198 textu
970 2141 1056 2209 inest,
1079 2138 1124 2198 his
1147 2138 1244 2198 verbis
1267 2141 1368 2214 (stallo

242 2223 313 2282 boat
344 2227 417 2300 esse)
443 2226 592 2300 supplevit
617 2225 740 2298 Ritschl,
772 2235 891 2285 secutus
919 2235 963 2285 ast
984 2226 1111 2297 Lausum
1134 2226 1170 2282 iis
1193 2227 1365 2285 adversatus

242 2309 352 2386 Ussing
374 2308 489 2368 scribit:
515 2311 713 2370 misericordia
735 2312 834 2384 fraisai
855 2313 964 2372 maltam
985 2312 1125 2370 bominem
1148 2316 1232 2384 oport
1248 2317 1267 2371 t.
1352 2343 1354 2354 ·

337 2395 541 2469 pulcritudine.
586 2396 651 2455 Mil.
686 2397 749 2455 998
773 2416 846 2472 qaae
871 2401 953 2458 amat
979 2397 1051 2456 banc
1072 2397 1211 2456 bominem
1233 2399 1353 2457 mimium

243 2481 367 2555 lepidam
396 2487 423 2540 et
443 2485 533 2542 mimia
549 2483 752 2557 pulcritudine.

344 2567 414 2626 Huc
442 2570 588 2644 pertinere
614 2569 728 2627 videtur
757 2571 934 2645 exemplum,
954 2571 987 2626 in
1009 2588 1069 2643 quo
1093 2568 1241 2625 ablativus

343 2652 490 2724 firmitate,
520 2655 712 2714 crassitudine
741 2675 779 2714 ex
801 2655 954 2730 participio
977 2655 1096 2730 pendet:
1120 2654 1207 2710 Most.
1231 2653 1293 2712 818
1316 2671 1368 2727 aaa

242 2743 338 2811 specta
354 2744 463 2813 postes,
487 2741 675 2814 qumasmodi,
698 2747 807 2816 quarata
828 2740 967 2812 firmitate
988 2741 1061 2813 sacti
1083 2743 1110 2798 et
1130 2743 1239 2813 aaaata
1259 2741 1365 2798 crassi·

243 2824 338 2883 tudine
359 2822 425 2906 (cfr.
448 2826 561 2884 Ebrard
583 2829 602 2884 1.
625 2847 648 2888 c.
671 2848 698 2903 p.
723 2825 808 2909 624).

343 2912 444 2970 colore.
490 2913 567 2970 Rud.
603 2912 664 2972 997
698 2931 753 2987 qao
785 2911 927 2973 colorest?
948 2947 988 2956 «-
1010 2912 1061 2970 boc
1090 2910 1183 2970 colore
1211 2912 1365 2984 capiantur

236 2997 406 3068 pauxillali.

343 3083 431 3142 ditiis.
464 3085 547 3142 Poen
568 3088 641 3160 prol.
676 3085 719 3143 60
749 3086 862 3157 fratres
891 3084 946 3144 dao
976 3083 1057 3156 faere
1083 3100 1193 3142 samma
1214 3101 1314 3155 acuere
1339 3085 1366 3140 et

241 3171 360 3227 mmmis
383 3169 472 3228 ditiis.

342 3257 456 3325 virtute,
488 3257 585 3329 factis.
630 3256 692 3314 Mil.
723 3254 763 3313 57
786 3273 881 3314 ommes
907 3255 1045 3314 mortales
1071 3256 1172 3324 sotaat,
1197 3253 1363 3327 Paraopoli·

122 3386 125 3392 .
239 3340 327 3397 ricem
354 3345 381 3400 te
401 3360 488 3401 amam
507 3345 538 3400 ia
561 3346 641 3400 terro
662 3343 760 3399 alacre
780 3342 887 3399 airtate
909 3344 936 3398 ct
956 3341 1055 3412 forma
1077 3345 1104 3398 et
1125 3340 1214 3412 factis
1234 3341 1361 3398 iacietis-

240 3429 346 3497 same's,·
367 3429 409 3486 sic
431 3447 468 3484 ex
490 3429 639 3486 codicibus
661 3426 837 3503 quibusdam
860 3425 951 3483 edidit
972 3424 1097 3501 Risum,
1120 3425 1195 3482 Buix
1217 3434 1245 3482 et
1268 3423 1363 3483 Gaetu

238 3512 464 3573 invictissimam
486 3515 674 3590 scripserunt.
713 3513 784 3569 Aul.
818 3512 879 3570 213
913 3512 993 3586 quali
1024 3529 1069 3570 me
1095 3511 1242 3570 arbitrare
1266 3529 1367 3584 aeaere

235 3603 417 3670 procreatam.
449 3634 489 3643 —-
517 3600 597 3658 borio.
623 3632 661 3642 —
684 3598 753 3672 qaid
772 3597 850 3670 ride?
872 3633 909 3640 -
934 3597 1016 3656 bona.
1040 3631 1081 3640 —-
1104 3596 1173 3670 qaid
1194 3596 1303 3669 factis?
1326 3632 1366 3640 -

239 3700 325 3757 aeque
346 3686 433 3744 malis
454 3704 542 3760 usqae
562 3685 701 3760 inprobis.
1033 3679 1037 3686 '

340 3769 501 3830 Ablativus
534 3772 682 3846 qualitatis
715 3770 751 3826 ad
784 3787 905 3845 genus
936 3767 1063 3826 alicuius
1095 3767 1287 3824 indicandum
1314 3767 1363 3824 ad-

238 3852 364 3918 hibetur:

339 3960 446 4016 ymera
491 3941 561 4001 dist.
599 3943 658 4001 128
691 3939 809 4014 Sismara
841 3957 951 3998 samma
982 3955 1082 4013 amere
1110 3939 1136 3995 ei
1163 3938 1239 3995 aiait
1260 3940 1366 4010 pater;

238 4025 301 4084 Mil.
335 4028 398 4086 680
431 4030 511 4088 licuit
540 4046 661 4088 aucorem
693 4027 823 4086 dotatam
853 4044 953 4100 amere
985 4042 1094 4083 samma
1128 4023 1243 4092 daccrc;
1282 4023 1364 4080 Pers.

239 4112 299 4171 651
338 4133 448 4174 samma
486 4133 585 4189 yeaere
623 4132 684 4173 esse
706 4113 848 4183 arbitram
879 4110 962 4168 Triu.
995 4109 1056 4168 326
1086 4108 1260 4168 adolescenti
1294 4108 1361 4166 binc

236 4218 335 4273 amere
357 4219 467 4261 samma
483 4244 489 4258 .
504 4245 529 4259 ..
546 4201 612 4259 bene
632 4199 697 4259 aolo
711 4217 758 4273 cao
773 4199 818 4258 illi
839 4198 952 4270 facera·
973 4199 1010 4255 ib.
1027 4196 1088 4254 851
1105 4196 1149 4254 bic
1164 4194 1277 4269 quidem
1292 4194 1357 4267 faa·
