3312 5060
310 328 354 392 60

268 533 380 616 ltaque
414 532 546 599 lectioni
575 553 749 616 proxumae
778 534 919 596 orioiniae
951 533 1022 618 plus
1048 533 1175 600 videtur
1196 534 1400 600 auctoritatis

267 636 474 702 tribuendum
497 654 579 717 esse,
603 636 700 718 idque
723 654 762 701 eo
785 637 889 718 magis
909 635 1112 718 quodetiam
1134 635 1246 702 Celsus
1266 637 1400 698 oioiozioo

190 743 192 749 ’
270 757 335 802 uon
358 758 417 820 pro
440 739 600 822 genetivo,
624 739 681 804 sed
703 739 931 804 adverbialiter
953 738 1073 804 dictum
1097 757 1170 805 esse
1192 745 1228 804 ut
1245 739 1329 803 dooti
1343 740 1401 802 mi-

269 841 415 924 litiaeque
445 841 599 906 intellexit
613 839 646 925 ¹).
689 841 824 908 Accedit
851 842 939 924 quod
968 841 1048 906 Rud.
1071 842 1134 907 613
1157 861 1241 904 orcae
1264 842 1402 904 tricinium

269 942 369 1008 luisse
400 944 539 1023 videtur;
571 961 714 1026 namque
746 943 874 1010 Schoell
902 952 935 1010 et
976 945 1092 1026 Ussing
1132 944 1263 1010 codices
1305 941 1402 1008 Lam-

270 1045 336 1110 bini
373 1047 476 1112 secuti
510 1053 541 1112 et
575 1047 770 1127 Turnebum,
809 1049 864 1130 qui
897 1064 937 1112 ex
970 1047 1084 1112 codice
1118 1047 1285 1130 deperdito
1319 1067 1404 1110 mooe

270 1151 409 1212 uictoriae
435 1150 558 1215 addidit
569 1151 607 1234 ²),
637 1151 683 1214 ita
706 1149 886 1214 ediderunt:
920 1151 998 1234 qaid
1024 1149 1075 1212 hic
1101 1151 1134 1213 in
1165 1149 1294 1221 Veneris
1315 1150 1404 1232 ,fano

270 1273 355 1314 mooe
388 1253 526 1315 uiciniae
559 1254 706 1316 clamoris
738 1254 857 1328 oritur,-
890 1254 981 1318 cuius
1015 1254 1078 1318 loci
1108 1253 1228 1317 nullam
1257 1251 1403 1318 lecerunt

271 1355 470 1422 mentionem
498 1355 582 1435 Brix,
616 1355 751 1434 Lorenz,
782 1353 910 1436 Schaaf,
942 1355 1039 1420 Loch.
1083 1355 1143 1420 Hic
1169 1356 1309 1418 uieiaiao
1335 1362 1403 1418 tam

270 1464 382 1540 aperte
406 1458 537 1522 locativi
558 1463 708 1522 naturam
732 1458 883 1534 ostendit,
903 1463 939 1522 ut
954 1459 1053 1524 etiam
1069 1457 1195 1540 Ussing,
1216 1458 1271 1539 qui
1286 1457 1404 1522 Bacch.

271 1561 334 1624 20⁶2
356 1559 434 1644 (205
455 1560 488 1624 iu
511 1560 652 1626 editione
676 1557 827 1644 Goetzii)¹
842 1559 1057 1633 dubitaverat,
1088 1578 1187 1642 quam
1208 1577 1284 1626 vere
1307 1578 1404 1642 „pm-

270 1665 410 1726 xumae“
433 1682 492 1745 pro
516 1666 714 1744 „proxume“
738 1662 780 1728 ah
803 1663 874 1726 aliis
897 1663 1102 1755 scriberetur,
1130 1682 1197 1727 nou
1225 1663 1330 1728 solum
1357 1663 1405 1727 eis

272 1766 363 1844 tocie,
398 1785 481 1847 quos
509 1767 685 1846 attulimus,
715 1767 801 1830 hanc
831 1766 1001 1833 lectionem
1024 1767 1094 1832 siue
1117 1766 1180 1830 ulla
1203 1765 1405 1830 dubitatione

272 1868 520 1952 praeferendam
550 1887 621 1935 esse
647 1876 790 1944 censeat,
816 1887 926 1934 verum
950 1876 1065 1934 contra
1088 1870 1233 1934 omnium
1256 1868 1406 1934 codicum

273 1973 500 2038 auctoritatem
549 1970 807 2037 substituendam
854 1991 926 2038 esse
969 1973 1062 2038 Most.
1107 1974 1188 2038 1062
1234 1973 1288 2036 sed
1328 1972 1406 2056 quid

273 2074 329 2137 hoc
352 2082 405 2152 ost,
428 2075 511 2158 quod
527 2075 617 2156 foris
633 2076 812 2158 concrepuit
822 2095 998 2158 proxumae
1013 2076 1167 2150 uiciniam·
1189 2094 1288 2158 quam
1303 2075 1406 2157 serip-

274 2185 381 2242 turam
403 2196 440 2244 se
467 2177 630 2259 praeferre
656 2178 733 2243 dicit
765 2180 862 2244 etiam
893 2177 1022 2244 Schaat.
1065 2179 1100 2242 ln
1122 2178 1211 2243 libris
1233 2197 1311 2244 vero
1335 2197 1407 2242 om-

274 2280 370 2346 nibus
399 2286 449 2346 est
474 2281 623 2363 proximo
649 2281 772 2344 uicinia
800 2281 921 2366 (aimon
945 2281 993 2366 C),
1029 2300 1132 2366 eaque
1165 2283 1304 2346 lectione
1339 2300 1407 2346 ser·

274 2389 351 2448 vata
373 2382 551 2448 Buecheler
572 2383 589 2450 l
614 2383 632 2446 l.
654 2383 832 2449 ablativum
854 2403 914 2466 pro
937 2385 1087 2464 locativo,
1117 2392 1152 2448 ut
1174 2403 1282 2466 saepe,
1314 2403 1408 2449 usur-

273 2493 386 2569 patum
417 2505 489 2552 esse
521 2492 623 2569 putat,
657 2488 752 2570 eique
784 2488 940 2554 adsentiri
970 2489 1096 2554 videtur
1125 2488 1201 2552 Brix
1229 2487 1302 2571 (Mil.
1330 2486 1408 2573 274)

274 2609 348 2654 cum
378 2590 517 2656 Luchsio
547 2589 723 2656 ablativum
746 2597 901 2672 statuens
924 2592 984 2657 sed
1006 2611 1081 2657 cum
1103 2591 1191 2654 domo
1212 2609 1409 2673 comparans

275 2694 374 2778 („vou
397 2695 454 2759 der
476 2695 635 2760 uiichsten
657 2694 925 2775 Nachbarschalt,
949 2714 1009 2760 aus
1031 2695 1089 2760 der
1110 2715 1140 2759 n.
1159 2695 1240 2776 N.“),
1263 2695 1316 2760 cui
1335 2694 1409 2758 usui

274 2797 459 2880 analogiam
489 2797 647 2880 praehere
669 2799 713 2862 ait
735 2797 797 2862 Mil.
822 2787 884 2864 154
905 2799 961 2862 sed
976 2799 1068 2881 soris
1090 2800 1269 2882 concrepuit
1290 2797 1364 2860 hine
1387 2817 1408 2859 o

273 2901 379 2964 uicino
401 2922 480 2965 sene.
514 2901 725 2966 Bitschelium
748 2907 859 2966 autem
880 2902 967 2966 hanc
991 2903 1184 2984 scripturam
1204 2903 1237 2966 in
1254 2920 1410 2984 proxume

273 3004 415 3066 uiciniae
449 3008 705 3068 commutantem
740 3009 870 3068 secutus
899 3010 949 3068 est
976 3004 1108 3070 Lorenz.
1152 3005 1187 3068 ln
1208 3004 1259 3069 his
1281 3003 1408 3068 difficile

273 3123 353 3171 saue
376 3111 426 3170 est
449 3105 526 3188 quid
548 3124 661 3169 verum
684 3105 726 3169 sit
755 3125 814 3188 pro
843 3112 932 3172 certo
963 3107 1151 3187 diiudicare;
1185 3126 1290 3190 neque
1321 3105 1408 3172 codi-

275 3227 349 3273 cum
383 3207 611 3272 auctoritatem
646 3208 729 3274 laedi
763 3214 901 3290 oportet,
936 3227 1043 3292 neque
1071 3208 1232 3274 ablativus
1249 3229 1409 3292 proxumo

274 3311 407 3386 uicinia,
442 3329 517 3374 cum
550 3329 712 3393 nusquam
745 3311 822 3377 alibi
850 3313 1043 3394 inveniatur,
1075 3313 1210 3376 multum
1238 3310 1409 3377 verisimile

274 3411 382 3478 habet.
427 3411 492 3478 Sed
525 3420 700 3498 utcumque
734 3422 793 3496 est,
819 3435 996 3498 promeritae
1025 3415 1164 3478 uiciniae
1190 3415 1244 3479 vix
1270 3413 1409 3478 dubitari

274 3521 392 3598 potest,
423 3516 501 3599 quin
524 3521 557 3581 et
578 3516 727 3583 Plautino
754 3518 909 3600 loquendi
934 3518 1044 3600 generi
1068 3526 1226 3598 congruat
1249 3524 1290 3594 et,
1313 3518 1341 3581 si
1364 3517 1410 3580 ita

274 3619 414 3702 ponitur,
439 3638 498 3701 pro
521 3620 661 3684 locativo
685 3618 871 3685 habendum
894 3621 949 3700 sit;
976 3620 1064 3702 quod
1086 3620 1113 3684 si
1135 3620 1324 3686 adverbium
1347 3619 1410 3683 loci

275 3721 406 3786 additur
437 3720 487 3806 (ut
513 3721 575 3786 Mil.
597 3723 659 3788 273
681 3720 755 3807 hic),
789 3723 853 3786 hoc
884 3724 978 3805 quasi
1005 3723 1220 3805 appositionis
1250 3723 1323 3786 loco
1351 3721 1409 3787 ad-

275 3824 426 3906 iungitur,
461 3826 545 3890 sicut
571 3824 622 3888 bic
644 3826 680 3887 tu
701 3845 868 3907 proxumo,
899 3824 960 3887 hooc
989 3825 1025 3888 io
1046 3845 1247 3908 proauorum,
1277 3824 1351 3887 hinc
1372 3825 1410 3887 de

269 3947 435 4010 proxumo,
460 3945 545 4010 quae
567 3928 644 3992 item
668 3927 756 4009 apud
777 3926 928 3992 Plautum
951 3929 1082 4011 saepius
1097 3929 1272 4010 exstant).
1305 3926 1410 3992 Prave

377 4098 398 4165 ¹)
416 4096 473 4150 Ofr.
491 4096 640 4149 Buecheler
658 4095 692 4148 de
710 4095 776 4148 decl.
794 4113 820 4164 p.
839 4096 889 4148 189
908 4106 934 4150 et
954 4097 1053 4165 Ussing
1072 4096 1107 4149 ad
1124 4097 1222 4150 Bacch.
1242 4097 1300 4148 202.

378 4182 400 4248 ²)
419 4179 474 4233 Ct'r.
493 4181 593 4248 Ussing
611 4181 647 4235 ad
663 4180 734 4234 Bud.
753 4180 812 4233 602.

377 4269 398 4334 ⁸)
417 4265 472 4320 Gir.
491 4267 557 4319 Brix
575 4266 631 4319 Mil.
651 4267 709 4318 274.
