3312 5060
359 357 378 418 2

317 581 416 644 quam
442 562 476 624 in
506 562 576 626 aliis
603 561 691 626 libris
718 563 946 646 manuscriptis
973 564 1128 630 Plautinis
1151 567 1215 632 duo
1237 569 1250 630 i
1272 587 1370 652 saepe
1393 571 1443 634 in-

315 667 487 730 veniuntur
503 663 537 748 ¹).
581 664 822 730 Adiectivorum
851 685 939 748 vero,
974 687 1058 750 quae
1091 671 1238 735 similiter
1270 672 1442 753 cadebant,

315 769 482 850 genetivus
504 767 630 833 duobus
653 769 665 829 i
687 767 776 833 linire
800 769 913 833 solitos
936 789 1008 836 esse
1030 778 1157 836 veteres
1173 775 1347 855 scriptores
1363 776 1443 839 satis

315 877 429 936 notum
463 876 524 949 est3
559 870 650 934 euius
685 869 810 935 formae
842 877 878 935 ut
910 873 996 954 apud
1018 872 1167 938 Plautum
1190 876 1312 940 nullum
1334 895 1441 942 exem·

315 974 402 1055 plum
425 973 582 1052 invenias,
606 992 685 1037 casu
708 972 830 1036 factum
846 980 903 1038 est.
924 975 1103 1041 —Deinde
1118 977 1151 1040 iu
1167 978 1196 1039 -i
1211 985 1329 1043 exeunt
1343 998 1442 1061 gene-

314 1077 371 1140 tivi
393 1076 537 1141 nonnulli
559 1075 836 1141 substantivorum
857 1078 972 1144 tertiae
994 1079 1228 1154 declinationis
1251 1084 1441 1163 praesertim

315 1183 342 1244 sl
365 1181 498 1243 nomina
520 1179 650 1261 propria
673 1188 748 1243 sunt
770 1197 810 1244 ex
832 1197 951 1260 graeca
972 1182 1080 1262 lingua
1103 1183 1282 1265 desumpta.
1323 1185 1440 1250 Bacch.

315 1285 377 1349 938
410 1284 445 1344 in
472 1282 558 1344 hasta
587 1281 722 1357 Achilla
754 1281 841 1364 Epid.
869 1285 910 1346 29
937 1305 1028 1346 arma
1057 1284 1279 1368 Stratippocti;
1310 1287 1441 1354 Pers?

315 1406 484 1463 aerumnas
506 1383 640 1446 Herculi
651 1383 690 1468 2);
713 1384 793 1448 Rud.
817 1387 857 1450 86
880 1387 1052 1449 Alcumena
1075 1387 1245 1470 Euripide
1270 1389 1354 1454 Tria.
1378 1391 1441 1457 744

314 1489 484 1552 aduentam
520 1485 691 1549 Charmidi.
738 1487 829 1569 Capt.
856 1490 919 1553 975
946 1495 991 1551 est
1007 1496 1103 1572 pater
1125 1489 1319 1555 Philocrate-i
1341 1494 1440 1558 edidit

315 1591 451 1670 Schoell,
474 1590 652 1653 Philocrati
675 1591 788 1655 maluit
810 1591 907 1655 scribi
929 1591 1126 1668 Fleckeisen,
1150 1592 1343 1658 Philocratis
1361 1615 1439 1662 vero

314 1698 348 1760 in
371 1696 462 1760 codd.
486 1701 542 1758 est.
564 1730 608 1740 —
629 1694 663 1757 ln
686 1695 736 1758 his
759 1713 843 1776 quae
859 1703 1038 1777 sequuntur
1053 1698 1207 1779 exemplis
1223 1718 1296 1762 cum
1313 1699 1440 1766 difficile

313 1800 354 1862 sit
370 1798 555 1877 diiudicare,
572 1802 678 1860 utrum
695 1798 863 1878 genetivus
879 1816 922 1860 an
938 1799 1065 1862 dativus
1080 1799 1267 1886 (ablativus)
1279 1804 1386 1884 potius
1398 1805 1439 1868 sit

312 1902 511 1980 statuendus,
535 1899 684 1965 conferas
706 1901 802 1965 velim
826 1919 911 1982 quae
933 1901 973 1966 de
996 1921 1126 1985 quoque
1149 1922 1261 1968 eorum
1285 1925 1345 1971 suo
1365 1908 1438 1972 loco

312 2004 395 2068 infra
427 2003 661 2085 disputabimus
694 2003 811 2087 (genet.
838 2003 946 2088 poss).
990 2005 1080 2087 Capt.
1103 2007 1166 2072 528
1188 2009 1309 2070 sodalis
1329 2007 1439 2072 Philo-

312 2109 395 2170 crati
420 2113 448 2169 et
474 2112 644 2188 coenatum
676 2105 764 2188 Epid.
791 2107 833 2170 32
855 2115 1047 2189 propnattrst
1072 2107 1163 2172 Theti
1185 2109 1253 2194 (cir.
1281 2110 1352 2176 Cas,
1375 2113 1438 2176 398

316 2209 462 2272 Herculei
489 2206 685 2291 praenatis);
718 2207 816 2273 Poen.
842 2209 906 2272 444
936 2211 991 2292 qni
1019 2209 1157 2293 Sphinpi
1178 2213 1334 2295 interpres
1350 2214 1439 2296 saia·

312 2314 391 2378 Rud.
415 2315 473 2379 761
502 2313 531 2374 is
560 2309 701 2373 Venerist
731 2311 957 2387 aduersariam
989 2312 1104 2378 Pseud.
1127 2317 1190 2380 989
1213 2314 1433 2400 Polymachae-

310 2417 472 2500 ropiapidi
505 2435 613 2477 nornen
645 2413 763 2495 (genet.
798 2413 911 2498 defin-l.
955 2415 1070 2480 Latina
1103 2419 1238 2483 nomina
1274 2440 1305 2482 -s
1342 2419 1436 2482 finale

311 2525 559 2603 suppresserunt
580 2517 694 2581 Pseud.
718 2517 779 2582 748
798 2517 884 2599 plebi
905 2519 1051 2604 scitaml)
1075 2527 1107 2585 et
1125 2521 1233 2603 fraqi,
1258 2522 1344 2603 quod
1367 2537 1435 2583 sac-

310 2624 441 2707 pissime
479 2621 564 2703 apud
605 2619 753 2685 Plautum
786 2620 946 2686 invenitur
979 2621 1020 2705 (v.
1051 2621 1134 2686 inira
1166 2633 1270 2704 genet.
1303 2619 1433 2704 qualit).

310 2727 394 2791 Trin.
416 2726 479 2790 915
503 2721 529 2785 Ο
551 2729 595 2785 est
612 2723 809 2804 principiam
831 2725 951 2786 nomini
972 2743 1031 2806 pro
1054 2725 1164 2788 dativo
1187 2723 1297 2787 haberi
1320 2729 1434 2805 potest.

312 2867 351 2875 -
378 2828 459 2892 Tum
487 2825 547 2889 Mil.
581 2824 643 2890 386
676 2825 894 2888 Palaestrioni
925 2828 1079 2889 somnium
1109 2833 1264 2888 narrator
1285 2825 1433 2906 formam,

310 2951 408 3015 quam
430 2929 587 3012 praebent
610 2946 722 2993 omues
745 2928 816 2992 libri
838 2929 1058 3012 manuscripti,
1081 2929 1297 2991 Palaestriani
1319 2930 1352 2992 in
1367 2929 1433 2992 Pa-

308 3033 486 3096 laestrionis
508 3035 787 3094 commutaverunt
807 3031 947 3096 editores
962 3030 1105 3094 Dausam
1121 3033 1236 3111 secuti;
1259 3031 1435 3097 Buecheler

308 3135 423 3219 vero4)
447 3154 478 3196 -s
501 3133 617 3198 omisit.
660 3132 748 3197 ldem
778 3133 846 3196 sive
867 3134 901 3196 in
922 3133 1014 3197 initio
1039 3151 1150 3198 versus
1173 3136 1293 3200 senarii
1315 3135 1433 3200 Bacch.

308 3241 372 3304 574
397 3236 507 3300 militis
534 3235 590 3318 qni
617 3236 751 3297 amicam
776 3237 879 3296 se‘cnm
905 3235 1014 3298 aneait
1042 3237 1080 3298 e'n
1104 3235 1208 3314 Sumo,
1234 3239 1301 3302 sive
1323 3239 1357 3300 in
1379 3256 1434 3301 ex-

306 3338 618 3422 tremoseptenario
641 3337 756 3420 Amph.
779 3341 840 3402 411
866 3337 959 3402 Basia
981 3339 1225 3421 Amphitruonis
1247 3362 1316 3402 snm
1336 3354 1433 3418 gene-

306 3445 363 3509 tivi
378 3465 410 3506 -s
425 3443 452 3508 si
467 3461 533 3505 non
548 3442 581 3504 in
596 3441 777 3522 scribendo,
801 3448 835 3506 at
857 3451 945 3510 certe
967 3445 1002 3507 in
1021 3443 1260 3526 pronuntiando
1277 3441 1432 3504 omissum

306 3566 379 3613 esse
411 3545 644 3610 animadvertit.
688 3544 834 3626 Denique
863 3545 926 3608 hoc
953 3544 1101 3608 suffixum
1129 3543 1162 3604 in
1188 3536 1433 3621 pronominibus

408 3717 429 3782 ¹)
447 3714 502 3768 Cir.
521 3729 590 3781 quae
609 3714 644 3766 de
661 3713 713 3765 hac
731 3713 868 3766 scribendi
885 3713 992 3764 ratione
1010 3708 1162 3774 disputavit
1188 3707 1280 3760 Neue
1306 3707 1434 3759 Formen-

306 3803 380 3855 lehre
398 3801 446 3854 der
463 3801 509 3853 lat.
528 3799 647 3866 Sprache
666 3799 678 3850 I
697 3814 722 3864 p.
741 3799 774 3848 85
793 3813 850 3863 sqq.
868 3795 971 3861 (Berlin
991 3795 1076 3860 1871).

392 3870 430 3954 ’1)
447 3884 575 3938 Nonnulli
594 3884 656 3936 libri
676 3881 856 3947 manuscripti
873 3880 918 3932 hic
936 3880 1067 3946 praebent
1088 3879 1203 3931 formam
1221 3876 1356 3931 Heraclia.

407 3973 429 4039 ³)
448 3969 503 4022 Cir.
529 3965 885 4022 Schweizer-Siedler
913 3982 937 4017 u.
966 3964 1090 4018 Surber
1119 3963 1290 4016 Grammatik
1316 3964 1364 4016 der
1381 3964 1432 4015 lra-

304 4057 453 4111 teinischen
476 4053 595 4121 Spraohe
617 4053 633 4120 8
653 4052 702 4102 118
725 4050 816 4117 (Helle
835 4050 919 4116 1888),
944 4055 971 4102 et
989 4050 1079 4102 Neue
1097 4049 1289 4102 Formenlehre
1308 4049 1320 4100 l
1338 4065 1363 4115 p.
1383 4049 1434 4099 380

305 4144 338 4197 de
356 4141 473 4196 formula
490 4153 523 4191 aa
540 4137 592 4206 lepe
605 4133 707 4202 pactae
724 4133 776 4187 scit
794 4175 800 4188 .

406 4229 426 4295 ⁴)
444 4225 535 4277 Precis
562 4221 595 4273 de
618 4221 645 4274 la
670 4219 835 4275 declinaison
854 4220 946 4286 latine,
964 4219 1034 4273 trad.
1054 4236 1104 4288 par
1122 4219 1158 4272 M.
1177 4219 1207 4272 L.
1229 4220 1317 4272 Havet
1336 4236 1361 4286 p.
1383 4219 1431 4270 101

303 4314 391 4382 (Paris
410 4311 496 4375 1875).
