3312 5060
1303 344 1337 390 111

253 493 302 580 ter
324 522 451 590 ceteros
473 515 569 597 longe
597 533 789 598 progressus
812 521 861 580 est
883 515 978 596 Bell,
1002 516 1055 599 qui
1079 515 1217 599 plurime
1239 513 1382 597 genetivi

253 635 344 700 latini
370 653 490 718 genere
517 635 607 700 initio
634 641 691 700 aut
718 636 859 702 locutive
887 634 996 716 luisse,
1026 642 1083 702 aut
1108 653 1166 718 per
1194 635 1379 717 analogiam

253 755 368 820 horum
401 755 625 838 genetivcrum
658 760 731 821 orta
765 773 838 821 esse
871 755 1044 820 ostendere
1077 729 1251 821 coneretur
1262 754 1296 836 ¹).
1340 755 1378 818 m

253 893 452 958 quamquam
481 876 515 938 in
537 874 645 957 lingue
668 874 769 940 latina
791 893 903 940 veram
926 875 1057 940 locativi
1079 875 1222 957 speciem
1245 874 1379 958 quidem

252 994 393 1076 genetivi
415 1013 493 1077 prae
516 1013 552 1060 se
570 993 686 1073 lerunt,
702 995 795 1066 domi,
811 994 893 1073 delli,
909 996 993 1073 ruri,
1009 1000 1070 1060 cet.
1089 1029 1126 1040 —
1143 1012 1313 1077 quoscum
1328 994 1379 1058 in·

252 1120 302 1180 ter
324 1133 438 1180 omnes
461 1119 588 1180 constet
609 1114 767 1179 localivos
787 1133 859 1180 esse
875 1133 914 1180 ex
930 1115 990 1180 has
1005 1114 1229 1197 disquisitione
1244 1113 1378 1178 omniuo

253 1233 369 1304 seclusi
392 1271 432 1280 —
456 1253 523 1300 non
545 1235 701 1317 plurimos
724 1253 764 1299 nc
787 1253 828 1300 ne
851 1234 971 1299 multos
993 1235 1124 1316 quidem
1139 1233 1308 1315 genetivus
1329 1233 1378 1298 lo-

253 1354 360 1420 cativo
383 1372 481 1419 sensu
504 1355 713 1437 explicandos
736 1373 809 1420 esse
831 1355 1059 1420 concesserim.

353 1474 466 1557 Neque
492 1493 570 1540 vero
594 1493 633 1540 ex
656 1475 854 1539 adnominali
881 1475 1015 1539 notione
1042 1491 1157 1538 omnes
1187 1491 1251 1556 quo
1278 1472 1377 1538 modo

253 1593 314 1657 orti
337 1595 401 1658 sint
423 1594 563 1675 genetivi
585 1593 725 1674 intellegi
747 1598 864 1674 polest,
889 1593 1037 1675 quamvis
1060 1592 1242 1657 artificiosis
1258 1592 1308 1656 usi
1323 1611 1380 1670 ex-

254 1712 395 1793 plicandi
426 1711 608 1776 rationibus
637 1712 842 1793 grammatici
869 1731 943 1776 enm
970 1731 1039 1780 rem
1057 1685 1241 1776 tentarunt.
1285 1711 1379 1791 Quod

254 1850 328 1895 cum
351 1831 429 1896 mihi
452 1832 517 1896 iam
540 1831 663 1912 pridem
687 1849 879 1914 persuasum
900 1830 1066 1906 haberem,
1091 1831 1132 1896 ad
1147 1831 1277 1896 tertiam
1292 1831 1380 1896 illam

253 1951 448 2053 sententiam
471 1951 565 2034 quasi
588 1951 774 2016 necessario
791 1951 917 2016 delatus
933 1970 1015 2030 sum,
1038 1970 1137 2033 quam
1158 1950 1209 2016 vel
1231 1969 1272 2016 en
1294 1969 1380 2034 quae

253 2091 327 2136 cum
360 2071 504 2136 ablativo
538 2077 588 2136 est
620 2071 760 2152 genetivi
791 2070 999 2137 similitudine
1029 2070 1252 2136 commendari
1277 2089 1380 2153 appa-

251 2197 346 2258 reret.
388 2191 458 2256 Hac
490 2192 524 2255 in
556 2209 591 2256 re
625 2192 770 2256 animum
798 2190 921 2256 attendi
953 2191 987 2254 iu
1029 2190 1259 2272 etymologiam
1296 2209 1380 2272 quo·

253 2328 325 2393 que,
340 2329 476 2392 sperans
498 2329 537 2374 ex
559 2310 737 2376 formarum
759 2311 886 2376 ratione
909 2309 1030 2392 aliquid
1046 2309 1086 2374 de
1101 2308 1225 2390 origine
1238 2309 1380 2392 genetivi

254 2429 404 2494 concludi
426 2447 531 2510 posse.
574 2429 634 2510 Upi
657 2448 730 2493 cum
754 2429 907 2494 vidissem
929 2429 1037 2494 varias
1059 2447 1132 2495 esse
1146 2428 1269 2494 formas
1283 2429 1380 2494 huius

254 2566 360 2626 essue,
383 2565 467 2630 quae
489 2547 532 2612 ed
553 2566 653 2612 unam
674 2547 785 2614 referri
807 2566 874 2614 non
896 2555 1039 2630 possent,
1063 2548 1151 2614 venit
1172 2549 1250 2612 mihi
1271 2549 1305 2613 in
1327 2567 1379 2612 su·

254 2668 433 2750 spicionem
455 2667 599 2748 potuisse
619 2666 687 2734 fieri
702 2674 738 2732 ut
753 2667 886 2748 singulis
902 2667 1013 2733 formis
1029 2667 1071 2732 ab
1087 2669 1178 2734 initio
1193 2668 1304 2732 variae
1318 2686 1380 2733 no·

170 2873 173 2879 .
253 2789 359 2854 tiones
381 2788 534 2852 inessent.
568 2787 675 2868 Quare
691 2805 777 2870 quae
791 2788 986 2869 collegeram
1003 2789 1150 2870 exempla
1165 2787 1318 2852 constitui
1334 2787 1380 2852 ite

253 2907 433 2990 disponere,
450 2914 485 2972 ut
501 2915 657 2991 quantum
673 2907 741 2972 lieri
757 2913 868 2989 posset
883 2907 978 2972 solito
995 2913 1169 2990 syntaxeos
1185 2907 1297 2972 urdine
1313 2925 1377 2972 non

253 3026 383 3092 turbato
406 3025 584 3092 formarum
606 3045 737 3110 quoque
757 3027 841 3091 ratio
864 3033 998 3108 pateret.
1037 3026 1252 3110 Quamquam,
1275 3027 1380 3110 qualis

254 3144 349 3210 nobis
371 3152 467 3210 notus
489 3153 540 3212 est
556 3161 669 3212 sermo
692 3147 820 3227 letinuS,
843 3146 884 3211 de
907 3164 947 3212 en
968 3164 1004 3212 re
1026 3147 1078 3210 vix
1101 3146 1277 3230 quidquam
1300 3147 1380 3214 certi

255 3265 484 3347 proferendum
495 3265 630 3345 videtur,
644 3283 705 3330 nec
717 3283 777 3347 ego
794 3265 872 3330 mihi
883 3266 947 3330 hoc
960 3265 1125 3348 adrogari.
1142 3266 1263 3332 Verum
1276 3267 1381 3332 omni·

258 3403 302 3450 no
325 3403 401 3451 cum
423 3384 535 3450 dehis
557 3383 654 3450 rebus
677 3385 771 3467 plene
794 3385 975 3452 disserendi
996 3386 1049 3450 hic
1072 3387 1163 3452 locus
1185 3405 1253 3452 non
1275 3386 1318 3450 sit
1340 3423 1381 3432 -

254 3522 360 3588 neque
383 3505 468 3570 enim
491 3511 624 3588 propter
645 3510 802 3586 angustos
824 3504 904 3571 fines
925 3506 1021 3570 huius
1044 3504 1140 3571 libelli
1163 3511 1194 3570 et
1217 3506 1381 3588 exemplo-

253 3643 326 3688 rum
362 3642 516 3706 magnum
542 3643 713 3690 numerum
742 3631 891 3707 poteram
921 3625 991 3690 sine
1018 3607 1257 3707 perspicuitatis
1284 3624 1382 3690 detri-

256 3751 366 3808 mento
388 3744 597 3826 singulosque
619 3745 710 3811 locos
732 3763 847 3812 omnes
870 3762 1049 3826 congerere
1063 3751 1096 3810 et
1110 3745 1295 3810 universum
1310 3763 1381 3809 rem

356 4070 378 4137 ¹)
404 4069 445 4121 De
469 4067 578 4122 locstivi
604 4069 632 4121 in
658 4069 751 4136 prisca
769 4067 908 4120 latinitate
926 4066 952 4119 vi
971 4064 1381 4134 etusu(Vretislevine1889).

254 4153 415 4206 Locutivum
442 4154 468 4205 in
495 4169 593 4221 graece
617 4153 712 4222 lingua
737 4167 796 4206 esse
819 4153 974 4219 genetivum
1000 4150 1116 4218 probare
1133 4149 1219 4203 voluit
1237 4149 1383 4209 Heilmnnn

253 4238 307 4306 (De
323 4237 444 4306 genetivi
462 4238 559 4306 graeci,
578 4239 695 4294 maxime
713 4237 851 4292 Homerici
870 4238 939 4304 usu).
1051 4243 1053 4249 ’
