3312 5060
626 759 821 831 ωΒΗΑΒγ

667 830 775 868 ΟῘΤΗΕ

594 905 854 964 υΝΝΕΗΞΙΤΥ

209 1289 211 1292 ,
316 1189 383 1287 De
424 1185 606 1286 formis
646 1183 885 1309 genetivi
923 1181 1202 1284 Plautinis,

302 1454 416 1520 Sermo
440 1453 544 1516 Plauti
567 1469 632 1515 non
655 1451 761 1514 solum
784 1449 976 1532 syntactica,
1000 1467 1114 1514 verum
1137 1450 1234 1514 etiam
1257 1453 1326 1530 ety-

199 1558 361 1638 mologica
387 1556 513 1620 ratione
534 1553 621 1618 haud
643 1553 690 1616 ita
711 1570 786 1615 raro
815 1551 856 1614 ab
881 1569 920 1616 ea
943 1551 1070 1616 dicendi
1092 1550 1326 1616 consuetudine

200 1659 312 1738 differt,
334 1675 418 1741 quae
442 1662 511 1722 erat
533 1655 728 1736 scriptorum
742 1653 917 1717 latinorum
933 1671 1051 1718 aureae
1067 1654 1191 1718 aetatis.
1219 1652 1326 1732 Quare

201 1779 320 1842 operae
353 1778 425 1825 esse
457 1758 596 1840 pretium
629 1756 707 1820 mihi
737 1756 841 1819 visum
864 1761 922 1836 est,
946 1756 1134 1838 priusquam
1156 1756 1197 1820 ad
1220 1756 1325 1837 ipsum

201 1882 296 1928 usum
325 1862 541 1946 syntecticum
572 1859 799 1942 exponendum
822 1858 1023 1939 accederem,
1052 1859 1208 1924 nonnulla
1228 1859 1326 1924 etiam

201 1967 241 2032 de
269 1964 380 2031 formis
410 1965 549 2046 genetivi
576 1963 732 2026 Plautinis
761 1961 929 2041 disserere,
962 1967 1060 2044 atque
1089 1961 1122 2025 id
1150 1980 1189 2026 eo
1224 1961 1327 2042 magis

201 2069 289 2152 quod
318 2086 359 2132 ne
385 2069 419 2130 in
451 2067 514 2132 hac
549 2065 679 2148 quidem
713 2063 905 2146 quaestione
938 2064 1118 2147 syntectica
1151 2063 1328 2130 formarum

200 2172 361 2236 rationem
398 2174 501 2234 totam
538 2168 672 2249 neglexi.
728 2167 840 2249 Itaque
873 2183 914 2230 ne
951 2166 1028 2248 quid
1061 2168 1327 2248 praetermittam,

203 2272 318 2337 suffixa
351 2271 490 2352 genetivi
518 2288 613 2334 casus
648 2287 733 2352 quae
766 2269 853 2350 apud
890 2267 1040 2334 Plautum
1076 2269 1185 2333 inveni
1219 2271 1330 2334 omnia

206 2370 404 2436 enumerabo
443 2378 541 2452 atque
580 2371 697 2452 quibus
735 2371 886 2453 quodque
923 2371 1076 2453 stirpibus
1110 2372 1151 2436 sit
1184 2372 1329 2437 additum

207 2491 376 2555 exponam.

308 2574 345 2656 -i,
367 2576 452 2658 quod
469 2573 616 2639 suffixum
632 2575 771 2656 genetivi
786 2575 955 2656 singularis
971 2575 1056 2656 apud
1072 2574 1221 2639 Plautum
1235 2576 1330 2657 longe

203 2678 447 2743 usitatissimum
482 2684 540 2749 est,
573 2684 702 2760 praeter
735 2679 852 2759 stirpes
876 2694 960 2759 quae
982 2679 1015 2740 in
1038 2697 1071 2740 -o
1093 2682 1211 2742 exeunt
1233 2677 1330 2742 adsu-

202 2787 294 2845 munt
316 2800 355 2847 ea
378 2800 508 2864 quoque
530 2780 733 2845 substantiva
757 2786 892 2862 quartae
915 2779 1149 2859 declinationis,
1171 2797 1256 2861 quae
1270 2799 1330 2844 no-

202 2883 393 2948 minativum
415 2885 448 2948 in
470 2904 525 2946 -us
547 2883 722 2966 proferunt.
757 2883 825 2947 Aul.
842 2884 904 2947 722
927 2889 1048 2946 torrium
1069 2882 1192 2964 pennam
1213 2882 1329 2948 Pseud.

204 2987 265 3050 [508
287 2993 479 3068 procurator
496 2987 589 3066 penu
622 2985 709 3048 Trin.
739 2986 801 3048 254
823 2992 965 3068 raptores
982 2985 1081 3068 partis
1104 2991 1132 3045 et
1149 2985 1241 3066 pena·
1274 2985 1331 3050 sed

204 3087 299 3150 huius
332 3087 525 3150 substantivi
557 3087 610 3150 alii
639 3106 770 3168 quoque
798 3107 894 3152 casus
928 3089 970 3154 ad
992 3087 1233 3153 similitudinem
1256 3087 1332 3151 sub-

207 3187 420 3249 stantivorum
448 3186 611 3249 secundae
634 3188 859 3252 declinationis
892 3191 1080 3258 formantur.
1124 3191 1194 3256 Aul.
1223 3191 1264 3256 83
1286 3191 1333 3253 att

207 3294 252 3350 est
272 3288 410 3372 quaestu
430 3285 523 3350 Most.
548 3288 643 3365 11073
665 3287 752 3351 Pers
768 3292 808 3353 66
824 3292 876 3352 sut
890 3296 1012 3374 quaesti
1027 3315 1144 3369 causa;
1165 3293 1262 3358 Poen.
1279 3295 1333 3374 953

207 3392 278 3457 Cas.
300 3392 364 3458 536
386 3391 488 3454 senati
510 3390 664 3466 calonnam
686 3389 773 3471 Epid.
793 3391 864 3470 1893
889 3391 959 3456 Cas.
975 3396 1039 3458 425
1054 3397 1171 3479 sumpti
1180 3396 1333 3478 fecerim

206 3494 291 3585 Trin.
316 3496 390 3574 2503
418 3494 491 3559 Cas
513 3494 576 3560 649
599 3494 677 3577 quid
699 3493 842 3568 tamuda
864 3493 963 3559 Poen.
985 3497 1061 3576 2073
1089 3498 1179 3580 Capi.
1202 3500 1264 3564 855
1287 3499 1335 3561 tui

207 3597 373 3658 cottidiani
397 3599 475 3660 uicti
500 3603 649 3660 accurram.
682 3635 722 3643 -
754 3595 938 3662 Contractis
967 3598 1093 3663 duobus
1115 3600 1128 3661 i
1149 3603 1332 3681 genetivum

207 3701 241 3764 in
269 3700 295 3762 -t
324 3699 490 3782 proferunt
517 3720 556 3766 ea
584 3720 714 3784 quoque
747 3702 961 3782 substantiva,
998 3721 1135 3784 quorum
1163 3704 1279 3786 stirpes
1302 3706 1336 3769 in

207 3805 253 3868 -r'o
277 3809 403 3884 exeunt,
426 3805 501 3868 licet
523 3823 563 3870 ex
583 3825 701 3886 graeco
722 3823 873 3871 sermone
894 3811 1024 3888 sumpta
1039 3804 1111 3886 sint,
1128 3806 1214 3871 velut
1236 3806 1334 3873 Stich.

208 3906 271 3972 305
288 3907 384 3989 facto
411 3905 573 3990 Potamou
595 3908 712 3974 Bacch.
735 3910 796 3974 427
819 3911 967 3992 pymncsr'
983 3907 1147 3992 praefecto
1160 3907 1198 3994 1);
1223 3930 1335 3992 quam-

309 4079 330 4144 l)
357 4077 454 4144 Itaque
478 4054 559 4130 lectio
584 4077 684 4130 codicis
708 4079 732 4130 A
755 4077 812 4130 Mil.
839 4079 889 4128 271
911 4093 976 4131 uam
999 4077 1056 4131 illic
1083 4081 1123 4131 est
1144 4077 1336 4132 Philocomuaii

208 4162 296 4214 cautu
321 4161 409 4214 minus
433 4161 523 4228 placet
545 4179 625 4229 quam
652 4161 856 4230 Philocomasio,
885 4162 956 4229 quod
975 4165 1002 4215 in
1021 4165 1117 4216 ceteris
1137 4168 1186 4216 est.
1222 4163 1260 4216 Et
1278 4165 1336 4226 Mil.
1369 4199 1375 4212 .

209 4247 276 4300 1431
294 4245 488 4300 Philocomasio
506 4249 612 4300 amator
631 4247 752 4300 dativum
769 4248 883 4314 praebet
901 4249 983 4300 etiam
1003 4251 1034 4302 A.
