3312 5060
1309 340 1347 403 71

267 545 330 610 nisi
351 545 519 627 genetivus
546 545 588 610 ad
610 544 815 608 thensaurum
836 543 1023 616 referendus
1045 551 1095 610 est
1117 545 1149 608 in
1171 564 1200 608 v.
1224 542 1392 610 1601100-

269 667 402 710 suurum
427 647 655 710 demonstrauit
683 646 763 710 mihi
791 647 826 709 iu
852 645 936 710 hisce
961 645 1098 710 aedibus.
1125 683 1159 692 -
1184 646 1330 728 Denique
1352 662 1392 710 ex

262 750 413 818 Schoeliii
443 751 584 816 editione
612 749 722 816 adfero
749 751 829 815 Rud.
858 751 942 816 1314
965 757 1132 834 praeterea
1157 755 1280 814 reulum
1300 749 1391 812 millu

264 853 413 936 Philippi
443 855 477 916 iu
493 855 639 936 pasceolo
660 873 776 930 sersus,
798 853 853 917 ubi
875 853 943 918 sive
966 853 1008 918 ad
1029 852 1177 935 Philippi
1196 850 1391 918 vocabulum

260 958 344 1021 uuri
366 957 531 1038 suppletur
553 955 621 1042 (cfr.
642 955 704 1020 Mil.
731 956 810 1022 1046
827 957 905 1038 plus
926 957 970 1018 mi
991 957 1067 1020 curi
1087 955 1202 1019 millast
1215 954 1390 1018 mediorum

258 1058 416 1142 Philippi,
439 1058 524 1125 Trin.
542 1061 623 1124 1157
638 1059 772 1142 paradeo
789 1065 817 1121 el
835 1059 919 1122 mille
933 1059 1009 1122 auri
1022 1058 1209 1140 Philippum
1224 1057 1316 1134 00110
1326 1056 1388 1121 Mil.

263 1163 343 1228 1061
363 1163 514 1226 talentum
533 1161 723 1245 Philippum
743 1163 768 1248 ¹)
787 1161 861 1225 huic
878 1182 956 1244 opus
974 1163 1089 1234 uurist.
1107 1160 1205 1226 Poen.
1222 1161 1286 1224 732
1301 1179 1393 1242 quom

258 1265 334 1328 ouri
354 1264 497 1328 ducentis
518 1267 655 1328 mummia
676 1264 871 1348 Philippis);
896 1265 965 1330 sive
995 1263 1142 1346 Philippi
1169 1261 1228 1346 (so.
1250 1263 1386 1346 autumi)

260 1385 319 1448 pro
346 1366 551 1433 substantivo
573 1367 712 1434 habetur
735 1366 803 1453 (cir.
827 1368 944 1433 Bacch.
966 1369 1031 1433 690
1052 1373 1088 1430 ut
1102 1365 1388 1448 000000οΡ100-

254 1489 314 1552 pos
345 1470 459 1534 reddat
491 1491 613 1548 aurcos,
648 1472 689 1538 ib.
717 1473 779 1538 868
806 1492 880 1535 000
907 1473 972 1534 uisi
1000 1471 1126 1534 ducenti
1147 1469 1295 1552 Philippi
1316 1471 1387 1532 red·

266 1572 387 1635 duntur
419 1573 506 1653 mihi,
541 1573 603 1640 879
638 1582 707 1656 001.;
740 1575 838 1640 Poen.
868 1576 933 1642 670
961 1594 1102 1638 nummos
1134 1573 1312 1656 Philippus,
1346 1573 1387 1638 ib.

260 1675 323 1740 732
352 1678 488 1742 nummis
515 1676 690 1760 Philippis,
719 1681 802 1763 cet),
831 1683 1003 1760 utrumque
1032 1677 1143 1742 dubito
1166 1695 1244 1742 num
1265 1675 1386 1740 Plauti-

258 1796 335 1843 num
359 1778 408 1860 sit,
433 1798 507 1843 cunr
529 1798 636 1862 neque
658 1782 734 1844 auri
754 1781 860 1846 omitti
881 1799 978 1863 posse
999 1779 1156 1858 videatur,
1179 1797 1285 1861 neque
1306 1777 1386 1842 Phi-

257 1881 347 1962 luppi,
375 1881 403 1944 si
430 1883 649 1950 nominativus
676 1889 734 1963 est,
763 1883 805 1948 ad
834 1883 924 1945 millu
946 1881 1067 1963 referri
1091 1881 1179 1965 quod
1201 1881 1386 1963 genetivum

258 1984 409 2064 postulat.
443 1983 600 2050 Codicum
619 1987 779 2067 scriptura
799 1991 953 2068 corrupta
968 1985 1010 2050 ab
1027 1985 1098 2050 aliis
1110 1985 1202 2050 aliter
1213 1983 1386 2050 emendata

256 2092 317 2150 est:
344 2092 465 2149 cautum
492 2089 612 2150 uummi
633 2086 799 2171 Philippei
815 2087 964 2154 Guietum
987 2094 1117 2154 secutus
1132 2086 1243 2152 scribit
1258 2087 1383 2170 Ussing,

261 2187 450 2271 Philippeos
470 2191 576 2254 mirrea
597 2209 637 2257 ex
659 2191 760 2257 Reizii
783 2192 971 2258 coniectura
993 2190 1110 2275 probat
1130 2189 1262 2254 Mueller
1282 2188 1385 2271 (Pron.

254 2311 284 2373 p.
306 2292 393 2378 248),
415 2299 536 2356 cautum
563 2295 638 2356 uuri
663 2295 767 2380 minae
795 2294 943 2378 Philippi
968 2295 1091 2358 mavult
1116 2293 1247 2374 Langen
1275 2291 1383 2377 (Beitr.

255 2414 284 2475 p.
307 2393 374 2478 87);
398 2393 516 2479 (millu)
543 2395 731 2478 Philippum
754 2395 865 2476 60010,
893 2395 1032 2462 fortasse
1060 2400 1158 2476 recte,
1182 2414 1381 2479 quamquam

256 2496 320 2561 hoc
346 2498 420 2563 loco
444 2499 520 2581 quid
543 2500 708 2582 scripserit
729 2499 863 2564 Plautus
886 2499 1012 2564 difficile
1034 2505 1083 2564 est
1105 2517 1164 2581 pro
1187 2504 1276 2564 certo
1300 2498 1381 2563 diiu-

254 2599 371 2666 dicare.

355 2807 400 2870 Ex
423 2806 630 2894 superlativis
652 2807 846 2890 pendentem
869 2809 1055 2890 genetivum
1076 2806 1262 2889 partitivum
1285 2806 1381 2872 Plau-

255 2915 308 2972 tus
329 2910 458 2993 saepius
481 2911 580 2992 ponit.
616 2911 728 2993 Neque
750 2917 862 2977 tamen
883 2911 936 2976 hic
958 2912 1125 2994 genetivus
1148 2911 1380 2986 adiectivorum

256 3017 383 3076 tantum
406 3013 608 3094 superlativis
630 3015 836 3094 adscribitur;
860 3032 957 3097 saepe
980 3015 1078 3081 etiam
1094 3015 1136 3081 ad
1152 3014 1382 3096 superlativum

255 3114 418 3180 notionem
441 3116 534 3182 aliter
556 3134 743 3199 expressam
764 3119 885 3184 relatus
907 3124 965 3184 est.

355 3215 574 3300 Adiectiva,
607 3238 744 3301 quorum
778 3221 979 3303 superlativis
1013 3220 1180 3303 genetivus
1210 3219 1379 3302 partitivus

256 3319 448 3402 adiungitur,
471 3328 528 3386 aut
550 3323 621 3388 sola
642 3341 700 3405 per
721 3343 757 3388 se
780 3331 954 3404 ponuntur,
976 3330 1033 3388 aut
1056 3323 1265 3388 substantivis
1288 3323 1379 3388 attri-

254 3419 334 3486 buta
366 3429 450 3489 sunt.
493 3424 613 3490 Prioris
646 3427 773 3508 generis
798 3427 881 3492 haec
896 3433 984 3499 ¹sunt
1013 3427 1174 3512 exempla:
1202 3426 1289 3492 Pers.
1317 3426 1379 3490 779

253 3525 475 3590 misserrumus
500 3526 661 3592 homiuum
691 3535 726 3591 ul
752 3529 879 3605 uiuum·
907 3529 992 3593 Trin.
1014 3530 1077 3594 543
1098 3549 1197 3612 prmus
1218 3526 1301 3610 quod
1317 3549 1378 3611 pu·

254 3629 513 3692 tieulissumumst
544 3629 720 3708 homiuum;
746 3632 834 3696 Asin.
863 3633 926 3697 922
953 3634 1046 3696 imum
1068 3654 1099 3696 ea
1121 3634 1258 3696 ommium
1280 3631 1377 3694 homi-

252 3749 327 3792 uum
351 3732 408 3813 pol
432 3733 665 3815 aequissumum
697 3733 771 3800 Cas.
803 3735 868 3801 694
896 3736 1115 3798 occisiseumus
1141 3755 1211 3798 sum
1239 3735 1377 3798 ommium

252 3831 412 3898 homiuum
439 3838 495 3918 quui
521 3837 649 3914 uiuout‚·
673 3837 756 3904 Men.
785 3839 846 3903 817
875 3841 1012 3903 umuium
1033 3839 1192 3904 homiuum
1214 3845 1320 3922 erepto
1342 3845 1379 3902 ul

245 3933 330 4016 fiam
362 3937 547 4001 miserorum
579 3940 815 4018 ruisserruruus;
841 3941 933 4008 Most.
963 3943 1026 4008 340
1054 3944 1152 4022 salue,
1179 3944 1377 4006 amicissumc

252 4041 297 4103 mi
328 4041 467 4104 munium
498 4041 673 4120 homiuum·
700 4042 788 4109 Asin.
815 4045 878 4112 314
906 4067 962 4110 uos
990 4047 1136 4110 dicamur
1156 4047 1217 4109 uuo
1239 4050 1377 4114 ommium

251 4179 456 4188 *κω-

352 4247 374 4312 1)
392 4243 514 4314 Philippi
531 4253 678 4314 praeeunte
696 4248 827 4317 Seyfferto
845 4251 956 4317 scripsit
975 4251 1067 4306 Gaetu.
