3312 5060
343 327 365 390 4

300 529 371 594 Aul.
396 530 454 594 121
478 530 560 592 meai
574 528 658 610 fidei
681 530 809 613 tranique
831 530 878 590 rei
901 549 1008 594 cansa.
1032 567 1071 576 -·-
1095 530 1129 594 111
1153 530 1338 596 nominibus
1354 551 1430 614 pro-

301 633 379 714 priis
412 632 499 696 idem
532 630 682 696 suffixum
704 631 866 696 invenitur
887 630 1005 696 Bacch.
1028 634 1089 698 307
1114 633 1258 696 sacerdos
1280 631 1429 696 111011-

187 791 194 804 ,
300 735 358 796 nai
389 733 555 816 Ephesiae,
590 734 644 796 ubi
669 732 847 798 Buecheler
870 731 997 796 Dianas
1019 735 1187 816 proposuit
1209 733 1252 818 (p.
1278 735 1429 820 105);ih.

300 838 363 902 312
385 837 420 898 in
442 857 534 918 eapse
556 837 631 898 aede
653 835 788 898 Dianai.
835 833 961 901 Graeca
982 837 1116 900 nomina
1139 839 1270 920 propria
1285 839 1430 906 similiter

300 940 420 1004 cedunt
442 939 529 1021 Epid.
552 939 614 1004 246
637 937 838 1020 Periphanai
845 937 956 1019 filiam
963 957 974 1016 ,·
996 938 1036 1003 ib.
1060 941 1133 1019 508,
1157 942 1220 1006 635
1242 939 1377 1025 (filiam)
1390 941 1429 1026 1);

299 1042 384 1106 Trin.
418 1044 481 1106 359
507 1040 693 1104 Charmidai
707 1040 799 1122 filim·
831 1040 930 1106 Poen.
956 1043 1038 1107 1045
1061 1043 1251 1106 Antidamai
1272 1044 1429 1126 adoptati·

298 1147 397 1223 cium;
413 1144 467 1208 ubi
479 1164 553 1208 cum
565 1143 593 1207 A
607 1145 818 1219 Aeetidomon',
835 1145 949 1227 reliqui
961 1144 1228 1208 Anthidomarche'
1238 1146 1427 1228 praebeant,

299 1248 398 1312 etiam
420 1247 494 1310 Brix
517 1246 571 1328 (ad
595 1246 679 1310 Trin.
702 1245 779 1330 359)
798 1247 884 1310 hanc
900 1246 1007 1310 Bothii
1022 1248 1194 1314 lectionem
1211 1248 1341 1312 dubiam
1356 1268 1428 1315 esse

298 1357 410 1416 censet
434 1349 500 1433 (cfr.
523 1349 621 1414 Poen.
646 1351 726 1414 1047
752 1350 944 1412 Antidamae
965 1357 1106 1431 peratum,
1130 1350 1172 1414 ib.
1200 1350 1303 1436 1042).

401 1470 455 1517 -ae
491 1453 621 1517 solitum
654 1450 803 1516 suffixum
837 1453 978 1533 genetivi
1015 1453 1186 1534 singularis
1224 1454 1428 1518 substantiva

298 1557 421 1638 primae
443 1555 667 1620 declinationis
690 1555 807 1620 ceteris
829 1555 910 1618 locis
933 1554 1062 1620 habent.

399 1656 447 1722 -ei
481 1656 629 1722 suffixum
661 1658 802 1738 genetivi
824 1658 996 1739 singularis
1018 1659 1052 1722 in
1075 1660 1189 1742 quinta
1211 1660 1427 1728 declinatione

298 1767 488 1843 usurpatum
521 1778 619 1842 supra
650 1761 789 1824 vidimus
823 1761 856 1824 in
889 1761 1034 1827 secunda
1067 1781 1196 1844 quoque
1218 1763 1363 1829 inveniri.
1386 1802 1427 1812 -

298 1863 345 1930 De
366 1863 454 1944 Epid.
477 1863 517 1928 51
541 1863 614 1924 aitei
637 1860 692 1926 cfr.
715 1861 799 1926 infra
820 1870 924 1944 genet.
947 1864 1048 1945 pretii.

400 1983 435 2029 -e
468 1983 526 2047 pro
563 1965 607 2026 -ei
641 1965 683 2029 ad
716 1966 901 2047 genetivum
935 1967 1143 2050 dativumque
1165 1969 1372 2034 formandum
1393 1971 1426 2032 in

298 2069 411 2150 quinta
438 2069 654 2133 declinatione
683 2067 724 2132 ab
755 2070 896 2151 antiquis
919 2071 1130 2152 scriptoribus
1154 2073 1331 2138 adhibitum
1353 2090 1426 2137 esse

298 2178 411 2236 notum
445 2177 503 2236 est.
547 2169 654 2252 Atque
687 2171 786 2236 etiam
816 2190 836 2235 1
862 2172 978 2238 Plauto
1000 2173 1049 2236 his
1072 2174 1152 2239 locis
1175 2176 1358 2257 genetivum
1380 2173 1425 2236 111

297 2274 452 2356 scriptum
475 2292 547 2338 esse
569 2273 742 2339 verisimile
764 2281 822 2354 est,
858 2276 1006 2358 quamvis
1034 2276 1105 2340 libri
1133 2275 1342 2356 manuscripti
1368 2274 1426 2337 ali·

297 2396 352 2441 am
378 2376 517 2440 formam
540 2375 730 2458 praebeant:
761 2376 852 2460 Capi.
875 2381 938 2443 800
955 2379 1084 2460 faciam
1107 2377 1257 2440 atheias
1279 2376 1330 2437 die
1352 2377 1424 2438 toci-

297 2500 355 2564 qne
387 2480 506 2563 me'ipne
537 2499 657 2560 semper
684 2481 873 2557 meminerim
905 2481 963 2545 ubi
990 2481 1093 2544 Bothe
1115 2479 1166 2540 die
1187 2478 1326 2542 restituit
1348 2478 1425 2562 (diei

297 2581 391 2663 libri).
434 2582 513 2647 Item
546 2581 615 2645 Α11.
649 2582 711 2646 617
746 2583 781 2646 tn
808 2584 896 2664 fona
933 2581 1027 2656 didm
1062 2599 1138 2643 nam
1172 2586 1254 2644 teste
1277 2579 1424 2646 Charisio

295 2685 429 2750 Plautus
461 2685 611 2765 genetivo
646 2685 724 2749 dixit
749 2685 819 2767 fide
847 2685 889 2767 (v.
914 2684 989 2748 Brix
1011 2683 1053 2746 ad
1081 2681 1166 2746 Trin.
1190 2683 1273 2767 111).
1295 2719 1337 2728 -
1360 2681 1425 2748 Sed

295 2787 357 2851 Mil.
382 2786 462 2850 1172
480 2786 612 2868 faciem,
631 2788 880 2868 pulcritudinem
902 2783 1099 2860 caedendam,
1124 2784 1179 2848 uhi
1202 2805 1277 2852 eum
1298 2791 1330 2851 et
1348 2784 1376 2848 A
1392 2791 1424 2850 et

296 2887 394 2954 ceteri
423 2887 554 2954 codices
571 2889 695 2971 faciem
717 2888 898 2964 exhibeant,
923 2885 1030 2949 Bothii
1053 2888 1313 2953 emendationem
1330 2888 1424 2970 facie

294 2998 383 3056 recte
413 2991 505 3056 reicit
533 2989 633 3056 Goetz
667 2991 765 3075 (Bria,
789 2987 928 3071 Ussing).
972 2988 1059 3052 Idem
1088 2989 1424 3056 Ρ111ἀ.115811111

293 3093 359 3155 iarn
381 3093 463 3156 diem
484 3094 616 3156 maltam
632 3114 694 3154 esse
709 3110 748 3154 ex
765 3090 793 3153 A
809 3088 947 3171 scripsit,
964 3109 1005 3155 ex
1020 3091 1044 3155 B
1061 3098 1170 3158 autem
1185 3094 1236 3156 die
1251 3094 1374 3158 Bitschl
1388 3092 1423 3178 ²).

296 3193 418 3261 Ceteris
450 3197 539 3277 locis,
574 3213 655 3278 quos
689 3190 792 3256 adfert
825 3191 902 3255 Brix
935 3194 976 3258 ad
1006 3193 1090 3260 Trio.
1116 3199 1185 3278 lli,
1210 3197 1367 3262 dativus
1389 3197 1423 3260 in

295 3319 327 3360 -e
349 3298 473 3363 desinit.

397 3419 448 3465 ‚as
481 3405 574 3464 vetus
604 3402 654 3460 est
686 3393 835 3460 suffixum
868 3399 1008 3479 genetivi
1041 3401 1222 3483 singularis,
1257 3419 1277 3463 a
1305 3399 1421 3463 Plauto

292 3504 434 3586 positum
460 3499 575 3581 Amph.
609 3498 668 3562 831
704 3506 835 3561 matrem
851 3502 1021 3582 familiam
1053 3503 1148 3568 Merc.
1171 3502 1246 3581 405,
1278 3501 1319 3564 ib.
1341 3501 1421 3579 415;

294 3605 391 3674 Stich.
424 3607 464 3670 98
498 3607 614 3663 matres
641 3601 805 3682 familias,
843 3603 897 3668 uhi
928 3606 1035 3687 prisca
1068 3605 1122 3668 illa
1155 3603 1260 3668 forma
1282 3603 1422 3685 genetivi

294 3707 463 3791 singularis
495 3703 660 3784 retinetur,
697 3724 895 3788 quamquam
929 3708 962 3771 in
992 3707 1106 3789 plurali
1128 3725 1264 3770 numero
1287 3712 1423 3787 apparet

292 3819 416 3874 matres.
459 3805 548 3871 Haec
575 3807 715 3888 genetivi
744 3807 849 3873 forma
870 3809 904 3873 in
926 3808 977 3872 BF
999 3808 1161 3872 invenitur
1182 3809 1282 3873 etiam
1303 3808 1420 3890 Amph.

294 3933 359 3994 arg.
389 3911 423 3991 ll,
453 3912 469 3974 1
504 3929 609 3972 amore
640 3917 751 3992 captas
783 3911 975 3974 Alcumenas
1008 3916 1040 3975 et
1063 3912 1213 3976 restituta
1235 3918 1284 3976 est
1305 3911 1420 3994 Amph.

395 4155 414 4218 ¹)
432 4151 597 4219 Periphanai
614 4152 710 4220 Bothe,
726 4149 872 4219 perephani
886 4150 903 4203 J
906 4151 927 4204 F
928 4152 958 4203 Z.

395 4239 417 4306 ²)
434 4238 488 4291 Gir.
507 4238 655 4291 Buecheler
673 4237 692 4289 1.
711 4237 727 4288 1.
746 4252 771 4302 p.
792 4235 849 4287 114.
