3306 5060
325 281 386 345 102

380 483 553 550 Genetivus
586 483 731 550 criminis
766 487 820 570 qui
854 492 991 552 vocatur
1013 486 1100 569 apud
1122 486 1222 552 rerba
1247 486 1410 552 iudicandi

278 590 346 654 sive
379 587 522 652 forensia
544 587 585 653 de
607 589 742 654 crimine
764 595 796 654 et
818 607 924 673 poena
947 590 1077 673 ponitur
1099 595 1132 654 et
1153 589 1240 671 apud
1262 588 1410 654 Plautum

279 691 359 755 satis
392 689 530 754 usitatus
564 697 621 756 est.
665 691 797 758 Poenae
825 711 903 758 vero
927 693 1017 758 notio
1040 691 1189 775 genetivo
1212 692 1411 775 exprimitur,

279 794 333 877 qui
370 812 444 858 cum
478 794 626 875 genetivo
660 796 755 878 pretii
788 795 1030 862 similitudinem
1064 796 1230 878 quandam
1251 795 1412 876 habet‚si

279 903 404 980 quanta
437 897 509 980 quis
542 898 681 980 pecunia
709 899 861 965 multetur
889 918 956 964 nou
980 899 1109 980 diuitum
1132 900 1159 964 si
1182 905 1273 964 certa
1295 899 1413 964 dicitur

282 1001 434 1085 pecunia,
457 1000 617 1064 ablativus
640 1002 770 1084 ponitur
781 1002 814 1086 ¹).

382 1102 551 1168 Ablativus
585 1110 695 1169 autem
722 1123 922 1188 quamquam
945 1105 1032 1188 apud
1055 1105 1229 1188 scriptores
1251 1104 1411 1186 posterio-

277 1207 322 1272 ris
356 1207 472 1272 aetatis
505 1206 784 1289 frequentissimus
817 1215 876 1290 est,
910 1208 960 1272 his
981 1215 1094 1273 tamen
1116 1208 1224 1273 verbis
1255 1207 1411 1273 aPlauto

276 1329 343 1375 non
378 1309 573 1392 adiungitur,
607 1315 742 1394 excepto
775 1329 841 1376 uno
874 1312 975 1377 verbo
1002 1309 1177 1390 multandi,
1201 1310 1288 1393 quod
1310 1309 1412 1374 tribus

276 1414 357 1479 locis
380 1414 537 1478 Plautinis
560 1433 635 1478 cum
658 1413 800 1480 ablativo
824 1415 1034 1480 coniunctum
1050 1413 1168 1496 inveni,
1185 1432 1291 1496 neque
1307 1413 1412 1479 eidem

277 1516 377 1584 verbo
401 1535 540 1599 usquam
563 1516 649 1598 apud
672 1516 821 1581 Plautum
844 1516 1047 1600 subiungitur
1068 1517 1245 1599 genetivus.

381 1757 565 1823 Criminis
598 1757 688 1824 notio
721 1758 871 1842 genetivo
905 1757 1103 1840 exprimitur,
1127 1757 1183 1840 qui
1205 1774 1245 1821 ex
1267 1755 1317 1819 his
1339 1773 1411 1821 rer-

282 1859 332 1925 his
354 1861 487 1942 pendet:

382 1980 544 2029 accusare.
588 1963 702 2046 Amph.
731 1964 793 2028 869
816 1963 914 2046 quum
936 1963 994 2027 uir
1015 1962 1179 2026 insontem
1195 1957 1311 2044 probri
1332 1957 1411 2026 Am·

272 2067 409 2151 phitrno
431 2071 570 2132 accusat.

382 2173 599 2232 Pronominum
623 2174 808 2232 accusativus
830 2173 967 2231 neutrius
989 2173 1105 2248 generis
1127 2171 1197 2228 huic
1219 2171 1307 2228 verbo
1324 2187 1412 2244 appo-

279 2261 361 2317 nitur
382 2259 469 2317 Asin.
496 2261 555 2319 173
579 2259 648 2333 quid
669 2277 713 2318 me
735 2276 871 2330 accusem
893 2259 979 2316 Trin.
1004 2259 1045 2316 96
1069 2260 1095 2316 si
1116 2257 1149 2315 id
1159 2271 1409 2315 nonmeuccuscs.

279 2344 414 2405 Ceterum
439 2347 716 2404 animadvertendus
739 2354 783 2402 est
809 2344 858 2403 hic
879 2363 999 2421 quoque
1021 2363 1110 2402 usus:
1133 2342 1220 2418 Epid.
1247 2341 1309 2400 549
1331 2338 1410 2398 houd

279 2449 381 2491 acucso
402 2431 503 2503 pidem·
525 2433 616 2490 Mero.
639 2433 701 2490 422
726 2435 805 2490 tuam
827 2436 922 2492 cutem
944 2431 1082 2489 acucsmi
1101 2428 1253 2500 fidermih.
1266 2426 1329 2484 523
1345 2443 1408 2500 ope·

279 2535 344 2577 rom
366 2521 498 2578 accusari
519 2537 576 2578 nou
597 2519 692 2578 sinam
713 2535 814 2578 mecm

380 2617 540 2684 incusare.
584 2618 676 2684 Truc.
709 2621 770 2686 159
803 2617 883 2700 quic
905 2615 963 2698 qui
985 2613 1126 2680 atterum
1147 2613 1281 2678 incuset
1295 2608 1410 2694 probri

280 2741 407 2804 sumpse
428 2721 550 2786 enitere
573 2725 703 2803 oportet.

382 2841 531 2910 arguere.
576 2825 692 2907 Amph.
725 2825 789 2890 882
821 2823 871 2888 itu
901 2843 949 2891 me
967 2819 1090 2904 probri,
1112 2819 1230 2902 stupri,
1252 2818 1411 2884 dedecoris

279 2948 301 2993 a
323 2926 398 2992 uiro
421 2931 574 3011 orputum
596 2946 679 3006 meo‚·
700 2928 741 2991 ib.
765 2928 828 2992 898
851 2947 899 2990 me
921 2924 1073 2990 miserum
1095 2922 1210 3007 crprcit
1229 2920 1346 3004 stupri,
1358 2919 1410 2984 de·

278 3030 415 3106 decoris;
437 3030 553 3094 Pseud.
577 3032 639 3096 746
662 3030 773 3112 ecquid
795 3026 971 3112 crputust?
994 3065 1033 3076 -
1050 3026 1212 3092 matorum
1223 3024 1411 3107 facinorum

278 3134 489 3216 saepissume
523 3133 579 3216 qui
600 3133 810 3214 interrogavit
832 3130 1037 3217 (Pseudolus)
1059 3133 1199 3214 crpntus
1219 3148 1279 3212 pro
1303 3127 1411 3192 adiec-

279 3237 346 3301 tivo
381 3236 521 3318 intellegi
554 3235 655 3300 voluit
678 3239 887 3316 (versutus,
911 3240 1080 3314 astutuS‚
1104 3232 1267 3315 sollers),
1291 3229 1349 3294 sed
1369 3227 1411 3294 ab

280 3357 331 3420 eo,
347 3351 349 3356 ’
363 3357 460 3421 quem
493 3339 727 3422 alloquebatur,
762 3337 931 3423 (Charino)
965 3356 1023 3420 pro
1052 3334 1220 3418 participio
1245 3332 1411 3416 („conric-

281 3441 368 3526 tus“)
392 3449 563 3525 acceptum
587 3449 636 3508 est
659 3442 726 3527 (cfr.
749 3442 897 3508 Lorenzii
920 3441 993 3505 adn.
1016 3440 1057 3504 ad
1080 3440 1110 3503 h.
1133 3438 1174 3521 1.).

382 3545 458 3606 (lum
482 3548 653 3608 scemativo
675 3549 811 3607 neutrius
833 3545 1020 3623 pronominis
1043 3543 1234 3620 coniungitur
1256 3542 1337 3603 Men.
1348 3539 1412 3598 940

281 3637 388 3708 cpomct
418 3635 488 3694 iaec
515 3635 560 3694 ted
582 3653 684 3709 crpuo.
731 3631 793 3693 etr.
816 3632 928 3710 Amph.
951 3631 1014 3690 885
1037 3647 1219 3704 pudoreque
1240 3631 1311 3688 sunt
1330 3626 1413 3700 suctu

279 3737 368 3792 neque
390 3739 438 3794 epo
460 3721 491 3779 in
512 3739 557 3780 mc
579 3720 686 3780 admisi
708 3716 817 3793 crpuit.

384 3820 524 3907 captare.
568 3820 683 3903 Amph.
707 3823 766 3885 821
791 3818 821 3884 si
843 3839 891 3882 me
913 3815 1126 3900 inpudicitiai
1148 3817 1267 3895 captus.

383 3921 582 3988 insimulare.
615 3923 731 4004 Amph.
752 3923 815 3988 477
839 3918 1046 3986 insimulabit
1068 3937 1138 3983 eum
1155 3913 1337 3998 prchri‚·ib.
1349 3913 1411 3978 887

280 4044 383 4109 neque
415 4047 464 4092 me
491 4027 660 4109 perpetior
678 4025 794 4109 probri
815 4024 900 4108 tctso
921 4021 1166 4101 insimututcm;
1187 4018 1248 4083 Mil.
1271 4017 1334 4081 364
1355 4012 1431 4130 qui¹

384 4219 404 4287 ¹)
424 4216 478 4270 Otr.
498 4215 626 4270 Kuehner
644 4217 671 4269 Il
690 4217 706 4285 ξ
724 4216 765 4283 86,
785 4217 799 4266 7
819 4213 882 4268 adn.
900 4214 916 4265 6
934 4213 970 4280 (p.
989 4212 1040 4264 340
1057 4209 1115 4278 su).
