3312 5060
1271 318 1309 382 17

223 531 301 614 prol.
324 531 362 594 41
389 535 417 590 et
439 548 527 590 soom
553 547 640 588 erata
661 526 767 608 focict
794 525 946 586 libertatis
975 529 1147 605 cortpotorm
1180 522 1267 604 Epid.
1291 524 1353 590 559

226 652 445 696 aerumnosam
468 637 496 692 ct
518 629 719 692 miseriarum
741 634 897 709 conpotem
918 627 1077 688 auctiorem.
1099 626 1213 688 retines
1226 625 1257 706 ¹).
1364 637 1366 640 ’

326 737 402 796 Cum
437 734 565 794 ablativo
599 735 793 791 coniunctum
827 730 883 789 hoc
916 732 1092 788 adiectivum
1125 749 1188 788 uno
1222 730 1289 788 loco
1322 731 1353 788 in

225 824 373 882 codicibus
402 823 567 880 invenitur:
592 819 676 895 Capt.
706 819 766 876 217
797 818 922 892 copiast:
950 834 984 875 eo
1013 815 1112 888 facitis
1134 833 1186 874 nos
1208 821 1354 891 conpotes·

225 910 304 984 quod
327 915 357 966 et
379 909 479 966 minus
502 924 659 965 numerose
682 905 759 962 cadit
781 913 809 960 et
833 922 936 978 parum
960 902 1097 978 congruit
1119 920 1187 958 cum
1210 901 1352 960 Plautino

224 995 339 1053 dicendi
362 1012 479 1070 genere,
503 1013 563 1067 quo
590 993 744 1067 genetivus
774 989 854 1047 huic
873 987 1015 1045 adiectivo
1038 987 1220 1044 adscribitur.
1264 988 1353 1046 Metri

224 1100 313 1138 causa
339 1088 407 1137 ante
435 1097 468 1137 eo.
490 1077 585 1136 textui
607 1081 751 1134 inscrtum
773 1083 816 1132 est
838 1076 874 1131 ab
897 1073 1026 1148 antiquis
1050 1073 1210 1130 editoribus
1233 1075 1351 1147 quibus·

224 1168 289 1224 dam
313 1169 340 1225 et
361 1166 407 1222 vel
430 1169 522 1239 atque.
568 1161 625 1220 Sed
648 1163 735 1219 etiam
757 1162 799 1218 sic
821 1178 855 1218 eo
878 1160 908 1236 (i.
926 1179 950 1216 e.
965 1157 1062 1235 copie)
1086 1163 1217 1232 conpotes
1240 1159 1291 1215 vix
1312 1160 1351 1216 la·

223 1251 320 1310 tinum
354 1260 409 1322 est;
443 1269 533 1325 quare
568 1249 650 1306 aliud
683 1247 826 1322 scriptum
861 1264 923 1302 esse
956 1244 1114 1302 verisimile
1144 1252 1194 1301 est.
1239 1244 1351 1320 Ussing

223 1339 334 1414 cogitat
356 1338 390 1394 de
412 1353 519 1411 uosque
541 1352 647 1402 eornm,
677 1333 757 1408 quod
780 1330 934 1407 proposuit
959 1328 1077 1407 Guyet3
1105 1327 1223 1388 Sohoell
1252 1331 1354 1409 consiti

222 1425 348 1499 scripsit.

325 1521 430 1587 socius
462 1540 520 1602 pro
549 1520 708 1584 adiectivo
736 1517 920 1582 habendum
938 1535 1020 1581 esse
1042 1517 1176 1596 videtur,
1205 1517 1352 1598 quamvis

224 1626 417 1690 substantivi
440 1643 574 1688 innuere
597 1622 744 1703 fungens,
767 1620 829 1684 Mil.
855 1621 935 1683 1013
958 1617 1113 1703 sociom²)
1136 1625 1260 1681 tuorum
1282 1638 1351 1680 coo-

224 1728 367 1790 sitiorom
389 1733 417 1790 et
433 1727 624 1809 participem
648 1725 815 1787 celatorum
840 1721 896 1805 (sc.
920 1723 1045 1802 audisti,
1068 1720 1122 1786 cir.
1137 1741 1236 1803 supra
1246 1723 1352 1802 porti-

224 1829 322 1914 ccps);
355 1831 471 1894 Bacch.
505 1829 588 1894 1105
617 1829 734 1890 socium
761 1845 930 1889 00000000
952 1831 980 1887 ct
1002 1826 1061 1886 rrtci
1082 1823 1159 1886 ronti
1180 1823 1271 1886 uideo
1294 1822 1353 1908 (De

223 1932 303 1995 Rnd.
329 1933 386 1996 161
411 1931 464 1996 cfr.
489 1931 548 1996 sub
571 1936 674 2013 genet.
699 1948 784 2012 poss,
807 1926 931 2012 socios).

324 2033 515 2099 cumulatus·
560 2034 629 2098 Aul.
653 2035 715 2098 825
738 2051 832 2114 oporte
854 2037 882 2092 te
905 2031 1040 2093 ernittora
1067 2050 1173 2108 mortu,
1203 2031 1372 2093 scotor-ma·

221 2137 483 2201 cumulatissomc.

325 2238 415 2304 dives
449 2259 525 2302 num
561 2259 635 2302 cum
668 2238 818 2320 genetivo
853 2241 1067 2315 construatur,
1100 2235 1192 2300 valde
1219 2234 1350 2298 dubium

223 2347 280 2406 est.
324 2341 407 2404 Nam
435 2342 522 2424 quod
551 2343 583 2404 in
614 2340 780 2406 codicibus
808 2345 857 2404 est
887 2337 1002 2420 Amph.
1032 2339 1093 2402 170
1119 2339 1186 2420 ipso
1207 2337 1352 2400 domitans

224 2443 313 2504 diaes
335 2443 436 2524 operis
459 2449 487 2504 ct
510 2441 626 2505 loboris
658 2463 767 2526 capers
796 2440 932 2526 quidque
962 2439 1081 2502 bomini
1108 2439 1211 2502 trabem
1237 2440 1353 2504 occidit

218 2551 428 2628 posceretur,
452 2545 505 2608 alii
528 2545 619 2609 aliter
640 2545 840 2628 interpretati
864 2549 946 2609 sunt.
981 2541 1172 2608 Genetivum
1194 2543 1296 2624 operis
1312 2561 1351 2608 ex

221 2647 306 2720 dicos
328 2649 469 2730 pendere
492 2649 604 2712 statuit
627 2647 823 2714 Gronovius:
858 2647 934 2730 „qui
964 2647 1100 2710 multum
1123 2646 1230 2727 operis
1252 2645 1351 2712 habet

113 2784 115 2788 ·
220 2751 380 2816 iaciendi‘
403 2750 556 2837 (Ussing),
580 2753 723 2834 itemque
745 2751 834 2816 Loch
856 2749 899 2834 (p.
924 2748 986 2833 ⁶22).
1022 2749 1138 2830 Ussing
1160 2766 1237 2833 vero
1261 2748 1350 2812 abla-

221 2855 321 2919 tivum
351 2856 464 2937 copiae
492 2856 617 2919 statuit:
647 2855 702 2938 qui
724 2855 842 2919 multas
866 2872 982 2935 operas
1004 2851 1111 2932 habet,
1135 2852 1154 2915 i.
1177 2870 1203 2916 e.
1227 2870 1349 2932 seruos

222 2963 253 3022 et
279 2956 403 3022 confert
434 2956 508 3022 Cist.
532 2959 573 3022 70
605 2977 694 3020 amor
716 2965 744 3020 ot
764 2957 853 3020 mette
875 2963 903 3018 et
919 2956 1001 3045 fatto
1024 2961 1068 3018 ost
1087 2955 1349 3038 foecundissimus,

221 3065 279 3124 cet.
325 3059 383 3124 Cui
405 3059 539 3141 Langen
551 3059 575 3144 ³)
600 3059 744 3141 opponit,
772 3079 883 3142 operas
905 3078 964 3141 pro
986 3059 1083 3121 seroie
1106 3077 1125 3122 a
1146 3057 1261 3123 Plauto
1285 3079 1350 3124 non

220 3161 282 3225 dici
311 3167 343 3225 et
370 3161 454 3222 ottoes
482 3179 610 3243 semper
634 3162 782 3226 absolute
805 3163 891 3244 poni,
916 3181 1016 3244 qnare
1040 3162 1067 3224 si
1089 3162 1191 3244 operis
1212 3163 1350 3228 retinea-

218 3269 279 3345 tur,
309 3283 367 3346 pro
396 3265 545 3345 genetivo
576 3264 760 3329 habendum
785 3283 857 3331 esse
881 3272 912 3329 et
936 3265 977 3329 ad
1000 3285 1109 3347 expers
1131 3264 1349 3346 referendum

219 3367 252 3430 id
274 3367 361 3449 quod
378 3367 437 3436 ,alii
460 3365 613 3433 fecerunt.
658 3369 789 3449 Langen
817 3368 886 3450 ipse
914 3368 1016 3450 operis
1038 3368 1136 3432 deleri
1157 3369 1225 3432 vult
1247 3375 1279 3434 et
1301 3369 1348 3452 tp-

218 3490 272 3531 000
294 3489 352 3551 pro
375 3471 443 3552 ipso
465 3468 570 3534 scribi.
615 3468 676 3534 Alii
699 3471 792 3535 aliter
813 3471 921 3534 locum
945 3471 1118 3534 emendare
1139 3472 1347 3553 sanctisunt,

218 3591 279 3637 nec
303 3571 480 3653 defuerunt,
505 3574 559 3656 qui
582 3579 687 3638 totum
710 3593 838 3638 versum
863 3573 1056 3637 damnarent
1068 3571 1102 3655 4).
1142 3573 1348 3656 Quamquam

320 3727 340 3793 ¹)
357 3725 503 3778 Praeterea
531 3739 564 3777 ex
590 3725 733 3778 Ritschelii
762 3725 916 3778 coniectura
943 3724 1074 3790 scriptum
1099 3725 1250 3778 invenimus
1274 3727 1347 3780 Pers.

219 3808 268 3860 256
286 3808 392 3878 arpenti
409 3807 500 3862 motai
517 3809 649 3878 [compos]
667 3811 700 3861 nt
716 3809 802 3878 operti
820 3823 894 3876 opem
911 3807 1055 3875 adferam
1079 3825 1128 3875 pro
1147 3823 1258 3878 conpos,
1277 3812 1348 3878 quod

218 3894 246 3946 in
270 3893 347 3947 libris
372 3910 425 3947 non
453 3899 502 3963 est,
528 3898 590 3960 post
612 3897 645 3946 ut
666 3893 780 3946 inseruit
804 3894 944 3962 etUssing
966 3898 1113 3960 praeeunte
1136 3893 1269 3963 Seyfferto
1287 3895 1346 3962 (ef.

218 3981 309 4047 cuens).

319 4063 343 4131 ²)
360 4063 514 4117 coeternum
533 4065 627 4132 Haupt
644 4065 795 4131 proposuit,
814 4067 916 4132 recepit
934 4066 1046 4119 Loreuz.

319 4151 340 4218 ³)
358 4150 442 4202 Beitr.
461 4166 486 4217 p.
505 4150 521 4202 9
540 4165 578 4216 sq.

320 4237 341 4304 ⁴)
359 4235 563 4288 Fuhrmannum
584 4237 670 4288 secuti
689 4236 773 4288 Goetz
792 4241 820 4290 et
836 4238 932 4291 Loewe
950 4237 1002 4289 hoc
1021 4237 1150 4293 fecerunt.

1243 4361 1257 4410 2
