3312 5060
1293 353 1335 418 59

352 575 508 642 nusquam
537 560 620 624 sicut
650 559 787 638 ubinam,
815 559 932 639 ubiubi,
962 559 1053 635 unde,
1077 580 1146 643 000,
1169 579 1298 644 quoquo,
1323 579 1377 621 us-

250 683 344 747 quam
372 681 500 744 semper
532 682 605 727 cum
638 665 788 746 genetivo
820 664 960 746 peritiam
993 663 1200 727 coniunctum
1235 670 1378 744 apparet.

250 765 351 831 Merc:
369 767 432 830 606
454 765 508 827 ubi
529 763 622 828 reiro?
636 805 677 811 —
692 787 849 851 nusquam
861 767 1018 848 pontium,
1040 764 1153 830 Pseud.
1168 767 1233 829 402
1252 771 1380 849 quaeret

251 869 333 952 qeioot
355 887 510 950 retorquam
534 870 720 951 00000000,-
750 871 790 934 ib.
812 871 876 934 400
899 889 979 952 quae
999 869 1057 952 (sc.
1080 867 1199 953 minae)
1223 887 1379 952 piusquam

250 977 323 1034 sunt
343 973 484 1052 pontium
491 994 501 1046 ;
524 970 597 1038 Oas.
618 973 696 1054 prol.
713 975 755 1038 70
776 971 859 1057 quod
873 971 918 1053 fit
939 991 1098 1055 nusquam
1120 973 1274 1054 peritiam
1296 970 1378 1036 Men.

249 1075 313 1139 262
334 1073 509 1137 meretrices
535 1067 680 1137 mutieres
702 1096 859 1159 utnusquam
876 1073 1084 1157 perhibentur
1105 1074 1283 1136 blandiores
1305 1094 1378 1156 peir-

249 1177 343 1255 tium,
376 1176 490 1259 Amph.
514 1180 575 1242 686
599 1185 627 1238 te
649 1177 712 1239 uisi
734 1199 817 1240 uum
839 1177 930 1239 bodie
953 1197 1109 1260 unusquam
1130 1176 1201 1239 iridi
1223 1177 1380 1256 potitium·

249 1279 291 1342 ib.
315 1281 378 1344 620
401 1301 475 1342 niem
498 1279 713 1343 obdormiuieti
735 1277 878 1343 dudum?
901 1299 1118 1362 -·masquom
1140 1280 1297 1362 Ι0000003,Ι
1324 1277 1379 1342 ubi

248 1387 403 1466 unusquam
437 1383 576 1465 peritirem
610 1402 668 1465 pro
696 1382 850 1447 adverbio
878 1382 1060 1464 negationis
1087 1388 1276 1463 usurpatum
1308 1399 1380 1446 esse

248 1486 356 1567 potius
385 1485 512 1549 videtur
541 1504 640 1567 quam
667 1504 726 1567 pro
754 1485 909 1550 adverbio
932 1486 1003 1565 loci,
1027 1485 1089 1548 nisi
1111 1485 1193 1549 torte
1215 1483 1268 1560 ibi,
1292 1485 1380 1566 quod
1443 1479 1446 1483 ’

248 1589 282 1651 in
311 1588 459 1669 sequenti
490 1606 585 1652 versu
616 1595 678 1652 est:
711 1587 756 1649 ibi
777 1589 868 1670 forte
896 1589 991 1649 istum
1018 1589 1047 1649 si
1068 1588 1203 1650 uidisses
1225 1587 1380 1669 paneadam

249 1691 420 1752 insomnis
444 1690 577 1771 Sosium,
602 1691 641 1754 ad
666 1692 730 1755 hoc
753 1696 888 1772 spectat,
912 1699 947 1753 ut
970 1690 1082 1754 ludens
1097 1689 1289 1771 Amphitruo
1305 1709 1380 1751 nris-

251 1813 345 1876 qnom
376 1795 513 1874 peritiam
544 1794 642 1858 locali¹
672 1812 770 1858 sensu
799 1794 966 1875 accepisse
992 1793 1147 1857 videatur.
1171 1793 1380 1874 -Denique

251 1897 428 1977 genetivus
459 1899 514 1978 qui
541 1904 591 1961 est
617 1895 705 1978 Epid.
728 1897 791 1961 335
814 1897 897 1978 quod
919 1915 1073 1980 nuspiam
1095 1881 1272 1978 paratumst,
1301 1914 1381 1960 con-

248 2001 391 2064 iecturae
415 1999 538 2065 Goetzii
563 1999 706 2065 debetur.

349 2103 464 2168 Restat
487 2109 522 2168 ut
546 2104 722 2182 rideamne,
747 2121 825 2165 num
848 2101 942 2166 locali
965 2121 1063 2166 sensu

349 2223 503 2291 proxume
538 2226 612 2270 cnm
642 2206 792 2288 genetivo
822 2205 1052 2286 coniungatur,
1087 2223 1151 2286 003
1179 2205 1219 2269 de
1240 2223 1276 2270 re
1298 2206 1382 2269 inter

247 2308 336 2372 viros
369 2308 484 2372 doctos
519 2329 585 2373 non
614 2310 693 2373 satis
721 2314 858 2373 constat.
899 2307 1025 2372 Etenim
1052 2328 1125 2372 cnm
1148 2311 1187 2372 iis
1208 2311 1299 2388 locis,
1327 2308 1382 2372 ubi

250 2409 290 2473 de
312 2411 374 2474 hac
396 2429 432 2475 re
455 2413 569 2492 agitur,
594 2411 724 2476 codices
745 2412 829 2474 inter
844 2413 989 2493 prou-ime
1004 2418 1036 2476 et
1051 2413 1217 2494 proximae
1232 2411 1381 2490 titubent,

251 2513 304 2577 alii
331 2513 406 2576 illud
436 2513 612 2578 retinentes
646 2513 784 2577 formam
818 2513 965 2590 uiciniae,
1001 2533 1086 2595 qnae
1119 2512 1269 2578 omnibus
1302 2515 1382 2578 locis

249 2617 323 2680 huic
345 2617 419 2680 voci
442 2616 551 2681 addita
574 2624 632 2696 est,
656 2636 714 2698 pro
737 2618 897 2699 genetivo,
923 2617 975 2680 alii
997 2618 1060 2682 hoe
1083 2615 1302 2698 praeferentes
1322 2636 1381 2698 pro

249 2720 389 2799 locativo
422 2720 535 2785 haberi
569 2721 747 2785 voluerunt.
791 2720 970 2802 Utrumque
997 2739 1036 2784 ex
1064 2720 1194 2801 ingenio
1222 2722 1382 2784 sermonis

248 2822 338 2886 latini
366 2822 494 2887 videtur
524 2822 652 2888 defendi
679 2841 793 2905 posse:
827 2823 903 2887 illud
929 2823 971 2887 ad
999 2821 1241 2886 similitudinem
1269 2823 1384 2888 adver-

249 2924 375 2989 biorum
399 2925 535 3005 accedit,
561 2945 645 3008 0030
668 2932 743 2990 sunt
764 2925 876 2988 ibidem
894 2921 967 3002 toci,
978 2925 1032 2987 ubi
1048 2932 1215 3002 terrarum,
1232 2947 1264 2988 eo
1280 2945 1384 2988 amen-

250 3027 313 3089 tiae
336 3034 396 3093 oet.
410 3028 448 3112 ι);
477 3029 541 3093 000
564 3030 668 3093 simile
691 3035 740 3094 est
763 3030 818 3108 eis,
844 3047 928 3111 0030
951 3035 1026 3092 sunt
1048 3029 1189 3106 miiitiae,
1212 3029 1305 3105 dorni,
1330 3049 1384 3091 uo-

250 3136 336 3194 strao
362 3131 456 3207 danii,
486 3139 558 3210 oet,
590 3151 674 3213 qnae
707 3133 837 3212 saepius
870 3132 957 3214 apud
990 3132 1139 3196 Plautum
1169 3134 1384 3198 inveniuntur.

253 3231 343 3312 Quae
367 3252 441 3296 cnm
469 3234 515 3296 ita
542 3233 615 3307 sint,
645 3233 822 3312 rideamne,
852 3253 936 3316 quae
967 3236 1007 3298 sit
1037 3235 1185 3299 codicum
1208 3235 1241 3298 in
1264 3233 1326 3300 hac
1350 3254 1385 3299 re

252 3335 438 3400 auctoritas.
481 3335 599 3399 Bacch.
624 3335 687 3400 205
710 3341 745 3397 at
766 3336 847 3397 istuc
870 3341 914 3397 esi
936 3337 1087 3418 tepidum:
1109 3357 1286 3419 proxumae
1307 3339 1385 3399 iiia-

252 3439 326 3500 uiae
355 3438 491 3513 bobitot;
525 3440 571 3503 sic
603 3437 704 3504 Goetz
732 3445 864 3520 recepto
887 3439 1054 3520 praeimae
1075 3441 1201 3516 uiciate,
1226 3439 1313 3523 qnod
1337 3449 1387 3504 est

251 3547 286 3608 in
309 3541 344 3622 B,
368 3542 510 3624 scripsit;
539 3543 684 3624 prouime
712 3543 817 3603 uicino
843 3542 877 3604 in
904 3541 931 3605 D
954 3543 1120 3623 reperitur,
1139 3545 1285 3626 proxime
1307 3544 1386 3605 uici-

252 3645 325 3708 niae
347 3651 456 3709 autem
479 3645 549 3709 cod.
573 3645 598 3710 C
621 3651 653 3711 et
676 3645 841 3711 Charisius
864 3643 995 3727 profert,
1020 3665 1119 3728 qnam
1139 3646 1311 3710 lectionem
1335 3664 1387 3710 re·

255 3748 340 3829 cepit
366 3747 499 3828 Ritschl,
529 3748 662 3829 Lorenz,
690 3749 816 3830 Ussing.
862 3747 924 3813 Mil.
947 3749 1011 3813 273
1037 3750 1100 3811 seio
1122 3769 1170 3810 me
1198 3749 1315 3810 uidisse
1336 3748 1387 3810 bie

249 3870 425 3932 proaumae
447 3851 586 3913 uiciniae
607 3850 889 3927 Philocomasium
912 3851 960 3915 sic
976 3849 1087 3931 Goetz,
1104 3851 1220 3931 Ussing
1239 3849 1285 3934 (in
1301 3869 1400 3915 nova·

255 3952 418 4036 editione),
448 3952 523 4017 Brix
555 3973 594 4018 ex
624 3954 716 4019 codd.
744 3953 796 4018 AZ
818 3955 986 4037 proximae
1007 3956 1218 4035 scripserunt3
1251 3953 1276 4017 F
1299 3953 1388 4018 solus

251 4058 404 4139 proaime,
428 4057 515 4139 quod
537 4063 706 4140 receperat
728 4057 846 4139 Ussing
868 4058 902 4121 in
924 4059 1030 4140 prima
1052 4057 1192 4122 editione
1208 4063 1240 4121 et
1255 4056 1387 4120 Ritsohl.

359 4281 379 4348 ¹)
398 4279 453 4332 cfr.
470 4280 575 4333 Lorenz
594 4279 629 4332 ad
648 4279 728 4333 Most.
749 4280 824 4331 1062.
