3306 5060
1302 338 1340 401 91

260 550 327 597 non
359 536 448 596 recte
475 532 507 596 id
534 533 674 616 quidem,
702 554 779 600 nam
807 555 846 602 ex
868 537 940 619 ipsa
961 537 1056 602 huius
1078 538 1140 602 loci
1163 540 1324 604 sententia
1346 540 1386 604 ad

261 633 500 700 substantivum
530 656 652 699 cauom
678 637 865 704 referendus
888 657 960 704 osse
982 639 1121 705 videtur:
1148 643 1388 721 „contentissis

263 741 373 804 mum“
396 737 518 803 Parcus
540 739 768 822 interpretatus
792 748 848 806 est.
881 741 993 824 Neque
1014 742 1089 806 alibi
1111 761 1249 825 usquam
1272 744 1386 810 nauci

259 843 394 908 iacere
427 843 549 908 invenit
581 842 670 908 Loch
704 842 771 927 (cfr.
804 845 893 909 Loch
929 864 982 926 pp.
1013 844 1032 908 8
1062 851 1095 909 et
1120 845 1184 931 33).
1236 846 1386 929 Denique

261 948 355 1030 quasi
392 947 587 1012 vocabulum
620 945 845 1012 indeclinabile
878 946 1021 1012 adfertur
1052 948 1145 1014 Most.
1181 950 1262 1012 1042
1296 957 1387 1032 atque

258 1052 410 1136 equidm,
444 1052 522 1135 quid
554 1051 589 1114 id
621 1070 685 1112 csse
716 1051 820 1113 dicam
853 1049 980 1112 uerbum
1014 1052 1120 1128 nauci,
1153 1053 1270 1128 nescim·
1301 1054 1387 1118 unde

264 1155 358 1220 huius
395 1154 485 1220 vocis
523 1154 688 1236 propriam
728 1152 993 1233 significationem
1032 1154 1097 1218 iam
1135 1153 1237 1219 Plauti
1279 1162 1387 1221 aetate

259 1258 468 1324 obscuratam
490 1255 588 1323 tuisse
610 1257 734 1322 Lorenz
758 1257 928 1322 concludit.

362 1377 485 1443 *malli
503 1377 648 1460 perdere.
692 1377 784 1441 liuc.
808 1378 870 1441 539
892 1383 920 1439 ct
941 1378 1006 1440 iarn
1028 1379 1118 1441 malli
1134 1379 1247 1460 pendit
1262 1399 1387 1462 purpu-

261 1467 349 1558 ram,
380 1482 427 1546 ita
456 1479 584 1546 Schoell
611 1480 771 1561 scriptura
800 1480 949 1545 codicum
978 1479 1058 1546 BCD
1080 1482 1158 1544 moli
1180 1482 1293 1547 leniter
1314 1501 1387 1548 cor-

260 1592 351 1651 recta
379 1585 507 1667 scripsit
533 1583 664 1667 („malli,
693 1583 711 1646 i.
740 1601 766 1647 e.
794 1581 900 1647 flocci:
928 1582 982 1647 cfr.
1012 1582 1093 1647 Cato
1116 1603 1139 1647 r.
1163 1603 1188 1647 r.
1215 1583 1318 1669 low).
1340 1606 1388 1647 rna

259 1687 428 1771 oiiiprrrdit
460 1687 588 1768 scripsit
621 1684 837 1764 Camerarius,
871 1686 952 1748 mole
978 1687 1087 1767 perdit
1119 1707 1166 1748 rae
1199 1687 1314 1766 Bothe;
1341 1707 1387 1750 rrre

261 1791 357 1854 attriti
388 1790 502 1872 prodit
541 1795 629 1854 recte
656 1789 795 1854 edidisse
820 1787 1025 1870 Spengelium
1060 1790 1226 1855 contendit
1258 1789 1391 1856 Schaatl

259 1893 301 1978 tr·
324 1894 388 1978 ss).

362 2011 491 2080 torunoi
517 2014 632 2096 forare
664 2032 739 2078 curn
768 2012 941 2094 negatione
969 2013 1177 2078 coniunctum
1208 2013 1298 2095 Capt.
1324 2016 1385 2080 477

263 2139 361 2204 neque
381 2117 533 2181 ridiculos
554 2118 620 2178 iorrr
641 2116 762 2178 tertiari
779 2115 922 2197 faciunt.

365 2235 499 2303 trioboli
522 2236 724 2301 substantivo
748 2236 922 2318 apponitur
942 2235 1041 2300 Poen.
1063 2236 1123 2300 381
1147 2258 1210 2299 rrorr
1232 2257 1285 2320 epo
1300 2237 1388 2300 borno

260 2339 384 2404 trioboli
413 2361 492 2417 sum,
521 2339 585 2417 nisi
613 2345 681 2418 cct.;
703 2339 758 2402 ubi
783 2339 889 2402 minus
911 2345 999 2403 recte
1021 2339 1109 2403 Loch
1132 2347 1243 2405 censet
1264 2342 1388 2423 geneti-

260 2463 337 2507 vum
366 2443 406 2506 ad
433 2442 568 2508 verbum
593 2440 797 2506 referendum
826 2458 898 2506 csse
926 2439 968 2525 (p.
997 2441 1061 2519 33).
1104 2440 1202 2507 Poen.
1232 2442 1296 2508 463
1318 2464 1388 2505 corr-

261 2547 357 2628 digne
391 2545 560 2628 haruspex,
594 2565 657 2607 non
689 2544 777 2607 bomo
804 2542 936 2621 trioboli,
967 2543 1108 2606 orrrrrr'brrs
1133 2545 1167 2607 irr
1195 2547 1274 2608 eatis
1302 2546 1389 2608 aibat

255 2649 403 2732 portendi
424 2647 502 2711 mibi
523 2648 651 2711 molum.

364 2769 421 2833 His
443 2769 701 2851 subiungendum
723 2787 795 2834 esse
816 2768 961 2834 videtur.

364 2888 439 2955 boui
462 2890 627 2954 consulere.
671 2889 764 2954 Truo.
784 2889 849 2954 429
872 2887 942 2951 boni
954 2887 980 2973 1)
1003 2888 1154 2951 consutos.
1179 2924 1218 2932 —
1241 2887 1312 2952 Huc
1333 2907 1389 2952 ao·

264 2993 348 3058 cedit
372 3012 411 3058 cx
434 2994 621 3058 coniectura
642 2992 782 3074 Ussingii

367 3111 488 3197 *aequi
510 3114 676 3176 consulere.
720 3111 798 3179 Orsi.
822 3116 884 3179 468
907 3119 943 3175 rrt
963 3113 1054 3190 iliud,
1078 3111 1161 3196 quod
1175 3118 1262 3174 tuom
1276 3112 1311 3174 iu
1324 3132 1390 3174 rem

268 3214 340 3277 benc
372 3217 533 3293 conducat,
566 3216 658 3297 aequi
690 3216 866 3291 consulum;
899 3216 1005 3280 versui
1039 3216 1125 3280 enim
1157 3215 1190 3278 in
1223 3214 1389 3279 codicibus

262 3320 349 3384 iusto
387 3318 528 3385 breviori
564 3319 681 3401 Ussing
714 3318 836 3384 addidit
868 3319 969 3402 aequi,
1004 3319 1055 3383 alii
1091 3320 1133 3383 ab
1166 3319 1257 3383 initio
1290 3338 1389 3381 meum

264 3423 501 3504 suppleverunt.
583 3427 585 3432 ’

367 3524 552 3609 Sequuntur
574 3525 595 3588 ii
616 3525 687 3605 loci,
711 3525 827 3607 quibus
849 3524 1016 3606 genetivus
1038 3522 1124 3608 preti
1139 3543 1213 3589 cum
1229 3523 1388 3588 adiectivo

266 3629 458 3693 coniunctus
485 3630 526 3694 ad
539 3714 541 3718 ι
554 3629 791 3693 similitudinem
816 3626 955 3709 genetivi
985 3626 1147 3708 qualitatis
1171 3627 1310 3692 maxime
1333 3645 1388 3691 ac·

261 3731 354 3796 cedit.

371 3836 482 3917 moprri
511 3835 597 3917 preti
630 3852 757 3916 semper
791 3853 866 3900 eum
898 3832 1072 3914 negatione
1105 3832 1314 3896 coniunctum
1347 3831 1388 3894 ad

261 3936 497 4002 substantivum
520 3938 665 4020 proxime
687 3937 831 4004 refertur.
864 3937 936 4003 Cas.
959 3937 999 4002 98
1023 3935 1099 4018 quid
1119 3935 1154 3998 ia
1177 3933 1251 3996 urbe
1272 3940 1388 4015 reptas,

226 4077 233 4084 -
260 4041 355 4103 uilior
383 4040 470 4103 houd
496 4041 605 4123 moprri
622 4043 725 4122 preti,·
747 4040 839 4107 Cure.
867 4042 925 4106 167
948 4041 1041 4103 irrrrrro
1063 4038 1150 4101 horno
1172 4037 1260 4100 baud
1281 4038 1389 4119 magni

363 4265 383 4331 1)
400 4262 469 4314 bona
486 4262 590 4316 habent
607 4261 683 4316 codd.
