3312 5060
312 353 403 398 lv*

269 523 430 604 explicare
453 515 502 570 —-'
516 523 629 606 paucis
650 529 761 588 tamen
784 523 861 606 quid
883 524 1021 588 sentiam
1045 525 1236 606 explanabo,
1260 543 1396 608 sperans

269 641 339 707 fore
356 648 392 707 ut
411 641 488 707 data
504 648 666 725 potestate
677 643 720 706 ad
732 661 862 708 ornnem
874 623 1014 725 genetivi
1026 663 1120 708 usurn
1136 644 1243 710 denuo
1254 646 1395 712 redeam.

314 811 316 814 .
372 761 515 826 Primum
538 762 570 826 id
594 763 672 826 mihi
694 781 887 844 persuasum
909 769 959 828 est
981 764 1013 828 in
1029 765 1179 845 genetivo
1202 771 1234 829 et
1248 765 1349 831 latino
1365 772 1397 830 et

269 882 405 954 aliarum
427 899 510 964 quae
526 888 687 964 cognatae
702 890 777 946 sunt
791 883 971 964 linguarum
986 885 1135 967 primitus
1151 884 1284 949 infuisse
1300 903 1395 967 sepa-

268 1004 407 1067 rativam
430 1003 607 1081 notionem,
632 1021 743 1068 verum
763 1021 862 1085 quam
884 1004 948 1068 late
970 1005 1119 1085 patuerit,
1135 1023 1194 1087 pro
1210 1010 1300 1070 certo
1316 1023 1396 1070 con-

269 1123 402 1188 stituere
424 1141 561 1206 nequeo.
596 1122 708 1205 Neque
731 1123 890 1206 quasdam
912 1124 1053 1206 genetivi
1067 1125 1157 1189 latini
1172 1123 1295 1190 formas
1310 1143 1395 1206 nego

269 1243 429 1308 adiectivo
452 1243 504 1307 vel
526 1243 725 1307 adnominali
746 1243 819 1306 usui
834 1261 874 1308 ex
889 1244 981 1308 initio
996 1245 1179 1325 inservisse,
1196 1263 1395 1327 quamquam

268 1383 309 1429 nc
325 1363 358 1427 id
373 1364 502 1446 quidem
525 1382 584 1446 pro
607 1370 697 1430 certo
718 1363 963 1428 adfirmaverim.
994 1363 1119 1430 -Vemm
1140 1381 1180 1430 ox
1196 1363 1395 1429 adnominali

268 1484 321 1548 illa
343 1485 482 1566 genetivi
504 1485 637 1550 notione
658 1503 724 1549 non
748 1491 854 1566 potest
873 1485 1025 1566 explicari
1041 1484 1234 1549 adverbialis
1249 1505 1339 1564 usus;
1355 1497 1395 1549 ex

269 1605 453 1686 separativa
482 1605 615 1670 notione
637 1605 806 1686 genetivus
828 1623 895 1670 non
919 1605 1021 1670 solum
1046 1603 1258 1684 adverbiales,
1281 1623 1395 1669 verum

164 1793 166 1800 Α
268 1726 386 1789 multos
410 1726 507 1790 etiarn
520 1725 743 1790 adnominales
755 1732 844 1790 ortos
857 1743 929 1790 esse
942 1727 1043 1790 multo
1054 1724 1180 1790 facilius
1196 1724 1395 1806 intellegitur.

269 1843 367 1908 Cuius
395 1845 575 1910 sententiae
603 1845 722 1909 nullam
750 1844 941 1910 refutandae
963 1846 1028 1909 vim
1051 1845 1149 1909 habet
1170 1846 1257 1926 quod
1280 1851 1395 1910 contra

268 1965 485 2047 separativam
520 1965 660 2046 genetivi
693 1967 860 2030 notionem
892 1964 1010 2028 adferri
1043 1965 1125 2029 solet
1158 1971 1393 2048 argumentum,

268 2085 366 2148 alium
388 2085 523 2148 inveniri
553 2103 667 2148 casum
695 2083 880 2164 ablativum,
911 2103 976 2166 quo
998 2085 1052 2148 illa
1074 2084 1264 2165 significatio
1288 2084 1394 2165 expri-

268 2211 385 2285 matur,
409 2223 515 2288 neque
537 2205 681 2287 potuisse
705 2205 799 2270 simul
821 2206 958 2270 alterum
982 2223 1093 2269 casum
1117 2205 1159 2268 ad
1182 2205 1306 2270 cauden
1324 2221 1394 2268 rem

268 2325 422 2390 adhiberi.
468 2326 561 2406 Quod
591 2343 689 2407 quam
711 2345 826 2408 pamm
850 2345 923 2390 curn
947 2327 1107 2391 sermonis
1129 2325 1261 2389 humani
1277 2330 1394 2388 natura

269 2447 462 2526 consentiat,
487 2452 518 2510 et
541 2464 580 2510 ex
602 2446 673 2510 aliis
688 2445 840 2510 omnibus
854 2445 921 2510 fere
936 2446 1054 2528 linguis
1068 2452 1100 2510 et
1116 2463 1155 2510 ox
1170 2446 1270 2510 latina
1285 2445 1394 2526 lingua

268 2566 469 2648 perspicitur,
492 2565 547 2630 ubi
569 2566 759 2649 plerumque
781 2565 964 2648 antiquiore
982 2565 1171 2648 praesertim
1191 2573 1298 2630 aetate
1314 2567 1393 2630 mul·

267 2687 308 2749 tis
331 2693 364 2750 et
384 2686 483 2750 variis
506 2705 624 2751 vocum
639 2686 751 2750 formis
767 2687 948 2751 simillimae
963 2704 1014 2750 res
1030 2687 1258 2767 exprimuntur.
1282 2687 1393 2766 Neque

267 2807 300 2869 in
327 2807 512 2888 separativa
538 2807 603 2871 loci
632 2807 765 2871 notione
794 2805 1006 2887 significanda
1027 2805 1114 2868 illam
1136 2805 1313 2870 formarum
1336 2823 1392 2869 co-

268 2926 355 3007 piam
387 2925 606 2990 abundantem
634 2926 741 2990 latinis
764 2923 913 3007 gentibus
936 2925 1075 2991 defuisse
1099 2932 1130 2990 et
1144 2943 1202 3007 per
1224 2942 1259 2988 se
1280 2925 1393 2988 verisi-

268 3045 343 3109 mile
368 3052 426 3125 est,
451 3052 482 3108 et
503 3051 664 3110 testantur
686 3045 849 3124 adverbia,
870 3063 955 3128 quae
972 3047 1004 3108 in
1022 3051 1090 3109 -tos
1104 3051 1231 3125 exeunt,
1249 3044 1336 3108 haud
1348 3045 1393 3108 ita

268 3183 381 3248 pauca.
427 3165 462 3229 ln
486 3165 615 3231 fennica
637 3166 746 3247 lingua
770 3203 809 3212 -
834 3167 866 3229 in
889 3165 944 3230 tali
968 3167 1051 3231 enim
1066 3183 1102 3230 re
1118 3184 1159 3230 ne
1175 3183 1247 3231 eam
1263 3165 1393 3248 quidem

268 3285 390 3366 dubito,
415 3287 563 3369 quamvis
586 3305 660 3349 cum
682 3286 783 3350 latina
806 3305 872 3352 non
902 3293 1086 3368 cognatam,
1110 3287 1152 3350 ad
1175 3285 1394 3367 comparatio·

268 3423 343 3471 nem
366 3406 537 3470 admittere
561 3443 601 3452 —
624 3406 721 3470 etiam
745 3425 832 3470 nunc
854 3407 905 3470 vel
924 3407 1028 3471 >tribus
1051 3407 1084 3470 in
1108 3405 1237 3470 casibus
1260 3409 1392 3485 separa-

267 3527 335 3590 tiva
357 3526 448 3590 notio
471 3526 643 3609 perspicua
665 3533 730 3592 est:
753 3528 785 3590 in
809 3527 1012 3609 „partilivo“,
1037 3525 1091 3605 qui
1107 3526 1140 3586 in
1156 3521 1392 3604 antiquioribus

268 3645 436 3711 vocabulis
465 3663 541 3711 vere
571 3647 683 3711 localis
706 3653 766 3727 est,
788 3647 982 3726 ‚,ablativo“,
1006 3643 1176 3724 „elativo“,
1200 3643 1255 3725 qui
1277 3660 1391 3706 omnes

267 3773 335 3830 tum
357 3767 506 3848 genetivo
531 3773 601 3830 tum
624 3767 765 3832 ablativo
789 3766 896 3829 latinis
918 3763 1123 3845 respondent.

370 3887 427 3950 His
450 3887 547 3969 igitur
568 3888 749 3952 rationibus
773 3891 804 3950 et
827 3885 896 3955 aliis
919 3883 1126 3965 argumentis,
1151 3900 1234 3965 quae
1250 3879 1393 3964 proferre

268 4007 364 4071 buius
393 4006 457 4072 loci
487 4027 553 4073 non
584 4014 643 4088 est,
674 4026 746 4071 sum
777 4005 935 4069 adductus
966 4011 1000 4069 ut
1028 4009 1060 4068 et
1089 4004 1181 4067 aliter
1204 4021 1301 4086 quam
1324 4001 1392 4066 fieri

268 4127 349 4192 solet
372 4129 596 4210 genetivomm
618 4145 738 4209 genera
753 4125 932 4207 digererem
949 4131 981 4190 et
996 4123 1163 4190 ablativi
1180 4143 1257 4188 usus
1272 4123 1400 4188 Plauti-v

268 4266 330 4311 nos
352 4248 515 4328 adderem,
538 4247 594 4311 ubi
617 4266 691 4312 cum
713 4246 869 4327 genetivis
897 4250 1107 4328 comparatos
1128 4245 1189 4310 toti
1212 4241 1394 4327 quaestioni
