3312 5060
970 370 1288 574 staff

967 617 1129 766 esa
1229 795 1233 806 ⁴
1351 650 1353 656 1

927 806 1146 966 ..W

249 1185 314 1305 Do
336 1228 475 1310 genetivi
487 1227 513 1313 ι)
536 1227 622 1311 apua
637 1227 787 1292 clauum
802 1245 863 1292 usu
879 1226 1379 1309 disputantimmiiustomuneri

250 1348 437 1415 satisfacere
460 1329 581 1428 videor,
605 1348 760 1431 quoniam
782 1365 849 1412 non
873 1346 989 1413 desunt
1018 1363 1148 1427 causae,
1179 1345 1296 1428 quihus
1317 1346 1379 1410 im-

248 1471 360 1554 pulsus
387 1487 469 1546 sum,
493 1474 529 1532 ut
552 1468 659 1534 denuo
681 1468 715 1531 in
737 1467 823 1531 hanc
845 1483 915 1531 rem
937 1466 1134 1549 inquirerem
1157 1465 1197 1530 ah
1214 1466 1285 1531 aliis
1300 1473 1377 1531 ante

248 1595 433 1654 tractatam.
476 1587 609 1651 Exstant
632 1587 718 1651 enim
741 1592 870 1668 praeter
891 1586 1062 1650 notissima
1083 1585 1201 1651 Holtzii
1223 1591 1256 1650 et
1276 1585 1386 1651 urae.

176 1775 185 1788 ,
250 1709 318 1790 geri
337 1725 447 1789 opera,
464 1705 582 1789 quibus
597 1705 746 1788 permulti
762 1707 970 1771 continentur
983 1705 1125 1788 genetivi
1140 1703 1287 1786 Plautini,
1311 1705 1378 1769 dis·

250 1828 444 1893 sartationes
466 1826 508 1889 A.
532 1825 691 1908 Schnoffii
713 1825 760 1891 De
771 1826 912 1907 genetivi
922 1844 985 1890 usu
995 1825 1144 1890 Plautino
1162 1825 1263 1909 (Halia
1275 1824 1380 1892 Saxo-

248 1965 327 2012 num
352 1945 447 2031 1881)
470 1953 502 2012 et
524 1943 564 2008 Ε.
587 1944 701 2010 Locdic'
722 1945 769 2012 De
793 1946 933 2028 genetivi
949 1945 1036 2028 apud
1056 1946 1182 2027 priscos
1203 1945 1378 2028 scriptores

247 2067 366 2132 latinos
393 2085 456 2130 usu
481 2065 700 2150 (Bartenstein
726 2065 833 2150 1880),
857 2085 996 2149 quorum
1018 2065 1070 2130 ille
1092 2067 1232 2147 scriptor
1252 2064 1378 2149 perspi-

248 2187 360 2252 cuitati
390 2186 505 2252 melius
535 2186 706 2266 consuluit,
729 2185 782 2250 hic
804 2186 839 2249 in
861 2185 959 2251 rebus
981 2186 1172 2252 enarrandis
1194 2185 1379 2250 accuratior

249 2313 307 2372 est.
341 2305 453 2388 Neque
468 2311 579 2371 tamen
601 2312 824 2388 utercumque
835 2306 952 2370 horum
975 2305 1088 2370 libellis
1110 2307 1178 2370 suis
1193 2306 1304 2371 omnia
1318 2303 1378 2369 ab·

249 2425 346 2490 solvit
368 2425 522 2507 exempla.
567 2425 679 2508 Neque
707 2425 741 2488 in
769 2425 904 2507 singulis
933 2427 1073 2508 genetivi
1095 2425 1268 2509 generibus
1289 2431 1379 2492 recte

250 2545 354 2627 egisse
382 2543 584 2624 videbantur,
614 2562 720 2627 neque
743 2545 821 2609 satis
844 2545 922 2608 mihi
944 2544 1108 2611 faciebant
1130 2547 1173 2610 ad
1194 2547 1297 2628 ipsam
1321 2563 1378 2627 ge-

250 2664 350 2730 netivi
373 2681 470 2728 casus
492 2670 643 2728 naturam
667 2670 765 2747 atque
787 2664 929 2730 indolem
952 2667 1224 2747 cognoscendam.

352 2782 510 2866 Equidem
524 2802 599 2848 cum
614 2785 648 2848 in
664 2782 825 2850 difficilem
841 2785 1076 2868 quaestionem,
1092 2804 1177 2868 quae
1192 2791 1243 2851 est
1256 2784 1297 2849 de
1313 2784 1379 2849 ori·

252 2902 327 2984 gine
348 2904 490 2985 genetivi
511 2904 611 2984 latini,
635 2921 688 2969 ma
711 2903 918 2985 abdidissem‚
942 2910 1099 2971 accurate
1118 2905 1284 2987 expositos
1306 2923 1379 2970 om·

250 3040 310 3086 nes
343 3022 412 3087 eius
444 3041 523 3086 usus
555 3042 632 3088 mox
666 3023 908 3104 desiderabam
941 3031 973 3090 et
1010 3044 1085 3090 oum
1121 3026 1206 3090 inter
1245 3032 1378 3090 nostrae

251 3141 368 3206 aetatis
400 3143 488 3206 viros
519 3142 635 3208 doctos
669 3143 757 3208 illam
791 3144 978 3226 opinionem
1014 3127 1379 3227 praevalere'viderem,

251 3261 436 3342 genetivum
462 3261 538 3328 inde
564 3262 607 3327 ab
634 3263 725 3329 initio
753 3264 992 3330 adnominalem
1019 3264 1118 3330 fuisse
1144 3283 1267 3346 casum,
1290 3266 1378 3330 huuc

249 3381 354 3462 ipsum
389 3399 494 3462 usum,
530 3383 563 3446 in
591 3382 692 3448 latino
723 3400 874 3450 sermone
904 3385 970 3450 iam
1000 3385 1257 3466 corroboratum,
1289 3404 1378 3450 sum-

250 3517 305 3564 mo
335 3518 434 3582 opere
463 3502 635 3584 cupiebam
665 3505 892 3586 pervestigare.
936 3504 1044 3585 Quare
1071 3506 1209 3587 primum
1233 3505 1378 3570 omnium

250 3618 378 3684 decrevi
395 3621 587 3702 scriptorem
609 3623 745 3688 latinum
768 3624 894 3706 eligere,
918 3624 973 3707 qui
995 3631 1028 3689 et
1043 3626 1202 3690 sermonis
1217 3625 1378 3706 elegantia

251 3739 421 3805 excelleret
442 3746 475 3807 et
497 3741 626 3824 linguae
649 3747 844 3808 vetustatem
876 3743 1018 3826 aliquam
1048 3744 1210 3810 retineret.
1254 3743 1377 3824 Quibus

250 3856 284 3920 in
305 3858 403 3924 rebus
424 3861 546 3926 nullum
568 3860 683 3927 Plauto
699 3861 946 3943 praeferendum
962 3862 1045 3926 duxi.
1079 3863 1162 3926 Nam
1178 3882 1377 3946 quamquam

349 4097 371 4162 ¹)
390 4095 551 4151 Genetivum
568 4114 617 4166 per
634 4113 648 4150 e
666 4099 798 4167 scriptum
815 4100 932 4168 optimos
951 4099 1058 4154 codices
1078 4100 1178 4154 saeculi
1192 4099 1230 4154 VI
1243 4105 1271 4154 ct
1287 4099 1377 4168 proxi·

159 4196 163 4204 ·
248 4195 353 4234 morum
372 4181 499 4236 exhibere
517 4183 597 4236 docet
614 4183 773 4237 Lachmann
792 4183 826 4238 ad
844 4185 924 4238 Lucr.
942 4185 955 4238 I
974 4185 999 4250 1,
1017 4202 1043 4254 p.
1060 4187 1100 4238 15.
1118 4215 1152 4224 —
1166 4185 1220 4240 Cir.
1233 4185 1376 4241 Ritachalii

249 4279 341 4333 opusc.
360 4265 389 4318 II
407 4281 432 4332 p.
452 4267 511 4320 782.
