3312 5060
1256 349 1296 414 37

215 554 301 614 nitoe
327 551 370 612 od
399 556 530 612 aetutem
556 551 768 636 upnndom1);
800 551 861 616 Mil.
883 553 945 618 236
968 573 1064 635 neque
1085 553 1174 617 liniet
1190 555 1266 636 plns
1287 575 1341 616 eo-

210 655 351 735 pientiae
376 673 469 735 qnom
498 653 595 734 topic,
628 653 700 719 Cas.
723 656 786 720 356
803 657 880 736 plns
900 654 1088 736 ortificnmet
1109 657 1153 719 ini
1175 677 1269 739 otium
1290 677 1339 718 re·

216 757 292 831 lium·
321 756 413 820 ’1155
439 757 481 822 64
509 777 584 819 stain
610 779 695 820 nionc
722 760 867 821 lenonum
888 766 915 820 et
936 766 1108 821 scortorum
1129 759 1180 821 liic
1196 761 1273 841 plns
1296 767 1340 823 est

210 859 286 940 fere
308 857 375 944 (65)
397 879 491 940 quom
513 860 586 921 olim
608 867 825 939 litimoniumst,
853 881 944 944 qnom
966 863 1085 924 coletur
1107 883 1266 936 timentum
1299 861 1340 926 ib.

215 963 257 1026 69
278 968 359 1023 certo
381 963 444 1024 ecio
465 961 534 1024 lteri
551 963 628 1044 plne
649 970 820 1026 scortorum
836 965 946 1045 „titisse
965 966 1030 1026 iom
1044 985 1138 1047 qnam
1147 965 1323 1045 ponderum
1330 986 1339 1039 ;

216 1063 284 1129 Aul.
306 1065 370 1131 505
387 1066 463 1146 plns
480 1066 700 1146 plunstrmnm
721 1067 756 1128 in
778 1066 907 1130 oedibus
928 1068 1054 1143 nideae;
1076 1068 1161 1150 Epid.
1177 1067 1240 1133 675
1261 1067 1340 1130 dno-

214 1168 313 1229 deoim
339 1168 405 1230 deis
425 1170 502 1250 pitis
531 1189 625 1252 quum
653 1171 689 1232 in
718 1172 801 1234 coelo
827 1172 985 1234 deorumst
1010 1171 1235 1234 immortalium
1264 1169 1342 1232 milti

214 1291 297 1332 nuno
318 1272 440 1334 anxilio
461 1271 621 1334 adiutores
642 1281 730 1349 snnt,·
752 1275 937 1356 genetivum
959 1294 999 1340 ex
1013 1276 1089 1356 plue
1104 1275 1244 1356 pendere
1260 1291 1338 1338 cen-

215 1380 264 1439 set
286 1374 373 1440 Loch
397 1374 438 1457 (p.
463 1374 525 1457 14),
556 1377 643 1458 quod
673 1378 837 1459 quomodo
860 1377 1084 1459 explicandum
1108 1377 1158 1456 sit,
1189 1376 1337 1458 equidem

213 1496 280 1542 non
302 1479 462 1559 intellege,
486 1479 547 1542 nisi
569 1497 626 1560 per
648 1481 798 1544 vitiosam
821 1480 985 1563 quandam
1008 1481 1241 1544 sententiarum
1260 1498 1340 1543 con-

213 1578 373 1645 fusionem
406 1580 554 1643 Plautum
586 1581 632 1644 ita
665 1581 805 1645 locutum
841 1601 913 1647 esse
945 1589 1102 1664 putemus.
1148 1580 1338 1646 Genetivum
1411 1649 1415 1658 ,

215 1683 310 1762 paule
333 1681 463 1744 liberius
485 1682 592 1762 posuit
614 1688 720 1763 poeta,
742 1684 835 1765 quasi
858 1685 885 1747 si
907 1701 1061 1749 numerus
1081 1683 1213 1766 quidem
1231 1684 1339 1748 incer-

215 1790 267 1846 tus
290 1784 501 1866 (quantum,
524 1784 596 1864 vis,
620 1786 841 1866 multitudo,
866 1785 991 1871 copia)
1014 1787 1122 1850 animo
1138 1787 1207 1851 eius
1223 1785 1340 1850 obver-

215 1894 305 1950 satus
338 1894 432 1951 esset.
476 1886 628 1952 Ceterum
656 1889 728 1970 ipsa
758 1890 919 1954 sententia
945 1890 1041 1971 plena
1064 1896 1095 1954 et
1122 1890 1257 1970 simplex
1279 1894 1337 1966 est,

211 2007 317 2071 neque
349 1989 434 2052 iusta
467 2008 567 2053 causa
596 1991 655 2054 viri
685 1991 770 2055 docti
798 2011 873 2056 mea
899 1993 1030 2074 quidem
1059 1992 1219 2057 sententia
1249 1990 1336 2054 hunc

212 2110 339 2157 versum
371 2099 568 2158 vexaverunt
602 2091 668 2177 (cfr.
698 2093 837 2174 Mueller,
868 2094 957 2158 Pice.
986 2094 1087 2158 Plaut.
1115 2114 1145 2175 p.
1175 2095 1240 2158 210
1268 2092 1338 2176 sq.).

211 2194 359 2275 Epidicus
382 2195 476 2276 enim,
505 2197 559 2278 qui
582 2215 610 2260 v.
632 2198 697 2262 610
719 2218 765 2280 sq.
788 2216 829 2263 ne
851 2198 1023 2264 duodecim
1046 2197 1125 2262 deos
1147 2197 1277 2280 quidem
1300 2214 1335 2261 se

211 2315 341 2362 servare
368 2315 464 2379 posse
491 2299 578 2378 dixit,
609 2318 695 2363 5555
717 2301 835 2381 gaudio
859 2302 1032 2382 exsultem,
1056 2320 1130 2366 oum
1153 2301 1261 2364 salvus
1283 2299 1333 2378 sit,

212 2400 372 2481 duplicem
395 2402 440 2464 ait
461 2401 595 2466 deorum
618 2422 788 2469 numerum
810 2404 872 2468 sibi
894 2405 1018 2470 adesse.

314 2501 459 2587 amplius
504 2502 665 2570 eistete
693 2507 823 2587 pecudeo,
857 2507 914 2569 tibi
946 2527 1013 2570 ineo
1046 2527 1140 2588 opero
1170 2503 1336 2568 liberorum

212 2625 275 2666 ecee
297 2607 443 2687 oiiepline

313 2707 454 2772 nimium.
499 2708 596 2774 Stich.
623 2711 686 2776 375
715 2714 839 2793 arpenti
868 2714 1012 2795 uterique·
1029 2713 1158 2775 aduenit
1183 2712 1334 2784 nimium,

128 2893 129 2896 Ἴ
211 2809 306 2874 Μ515.
335 2812 397 2876 739
425 2813 559 2874 nimium
585 2814 688 2895 nepoti
713 2816 852 2896 repperi,·
884 2815 983 2880 Poen.
1010 2817 1073 2881 239
1100 2815 1200 2877 niuniu
1229 2814 1334 2876 omnio

210 2913 343 2976 nimium
365 2914 506 2976 exhibent
527 2916 630 2997 nepoti
639 2915 664 2999 ²)
688 2915 864 2980 hominibus
884 2938 922 2980 en
939 2938 986 2992 se;
1007 2917 1104 2982 Stich.
1121 2919 1183 2982 379
1199 2917 1331 2979 nimium

211 3013 307 3077 bonae
333 3017 381 3078 rei
412 3016 468 3099 (sc.
496 3017 645 3103 advexit).
668 3056 709 3064 -
732 3019 778 3084 De
800 3019 891 3086 Teuc.
916 3021 978 3085 705
999 3021 1133 3082 nimium
1161 3020 1337 3082 vitellinuest

210 3117 288 3179 initi
310 3138 338 3182 v.
361 3118 444 3184 infra
465 3120 556 3185 niltii.

313 3217 489 3285 dimidium.
541 3220 609 3286 Aul.
642 3225 702 3288 291
738 3225 766 3286 ei
798 3223 903 3287 obsoni
934 3225 1008 3288 ltine
1040 3226 1208 3288 dimidium
1240 3226 1334 3288 iussit

208 3320 299 3397 duri·
331 3323 448 3388 Bacch.
476 3326 556 3389 1185
578 3326 655 3407 qnid
677 3327 811 3405 tandem,
838 3329 867 3389 ei
888 3329 1056 3391 dimidium
1078 3330 1153 3391 ouri
1174 3329 1335 3402 redditum

209 3424 250 3488 ib.
275 3427 357 3492 1189
380 3427 547 3490 dimidium
569 3429 643 3491 otini
665 3429 778 3504 datium
810 3429 925 3496 Pseud.
948 3431 1012 3496 452
1035 3431 1131 3494 bonne
1152 3432 1277 3494 animus
1299 3431 1334 3492 in

187 3529 295 3612 1,51515
318 3549 352 3590 re
373 3530 570 3593 dimidinmet
591 3532 686 3607 ottold·
708 3531 822 3614 Amph.
848 3534 929 3598 1125
948 3535 977 3596 ei
996 3535 1066 3596 lieet
1080 3533 1151 3598 boni
1165 3534 1333 3596 dimidium

211 3630 288 3692 milti
320 3631 463 3695 diuidere
495 3633 572 3716 enm]
592 3632 678 3698 Ione.
704 3671 744 3680 -
767 3634 841 3720 (Cir.
871 3637 1005 3700 dimidia
1027 3657 1108 3719 pons
1136 3655 1210 3702 cum
1233 3654 1330 3717 gene-

210 3733 276 3798 tivo
299 3732 419 3818 supra).

312 3838 470 3898 Abietivus
493 3834 532 3901 lle
560 3842 769 3916 praepositioni
796 3843 953 3902 adiunctus
983 3862 1019 3902 ex
1049 3843 1198 3902 dimidium
1228 3844 1333 3918 pendet

209 3923 316 3982 Pseud.
344 3925 425 3982 1164
447 3930 582 3985 memento
605 3945 670 4002 erpo
693 3927 844 3987 dimidium
865 3929 949 3988 istinc
971 3930 1041 3988 mini
1062 3929 1095 3987 de
1111 3927 1227 4003 praedo
1250 3929 1330 3988 dure.

311 4177 331 4239 ¹)
349 4176 449 4229 Versus
469 4193 486 4230 e
503 4177 639 4230 nonnullis
658 4188 796 4245 suspectos
815 4179 924 4234 habitos
944 4180 1066 4234 defendit
1085 4181 1190 4248 Ussing.

312 4263 333 4326 ²)
350 4261 438 4328 nepoti
455 4262 601 4331 Hermann,
619 4263 755 4332 nepotinm
774 4265 846 4317 libri.
