3312 5060
339 380 380 442 22

296 584 480 663 genetivum
514 582 575 647 sibi
609 584 753 648 adscivit.
799 585 917 652 Bacch.
944 587 1006 650 278
1041 588 1075 648 in
1106 607 1219 649 00000
1248 588 1425 650 conscendi-

296 707 365 748 mus
393 687 476 748 donzi
503 686 676 768 cupientes;
705 687 766 751 Mil.
794 690 856 752 997
884 709 964 772 qnae
985 688 1081 751 huius
1103 691 1231 772 cupiens
1253 692 1426 773 corporist,·

296 788 337 852 ib.
365 791 448 854 1165
476 790 568 872 quasi
584 836 590 848 .
607 840 636 853 ..
658 789 788 852 alteim
815 793 943 873 cupiens
970 793 1063 854 istius
1090 794 1295 875 nuptiarum·
1327 794 1426 859 Poen.

297 892 374 972 prol.
406 893 447 956 74
477 892 586 955 nevidii
615 913 683 954 eum
703 941 711 956 .
728 943 757 956 ..
780 896 928 978 quoidam
959 896 1035 972 seni,
1069 897 1207 977 cupienti
1241 895 1408 958 liberorum
1417 917 1427 966 ,-

297 993 359 1059 Mil.
394 996 476 1060 1049
509 995 592 1057 hunc
624 996 756 1058 anulum
789 996 828 1060 ab
860 998 919 1060 tua
953 999 1000 1060 tui
1033 1000 1171 1082 cupienti
1207 998 1280 1062 huic
1312 999 1427 1076 detuli,-

297 1096 412 1180 Amph.
434 1099 513 1180 prol.
538 1100 598 1163 132
621 1101 732 1183 quoius
754 1100 882 1181 cupiens
904 1108 1085 1164 00000007.
1108 1139 1151 1146 -
1173 1100 1233 1185 (00
1249 1103 1312 1166 hoe
1327 1119 1426 1182 gene·

296 1201 363 1264 tivn
394 1199 449 1265 cir.
481 1201 555 1264 Brix
586 1202 627 1265 ad
657 1202 741 1265 Trin.
769 1203 841 1282 841,
871 1202 1014 1285 Draeger
1036 1210 1067 1268 et
1089 1203 1249 1285 Knehner,
1274 1205 1329 1287 qui
1352 1223 1426 1268 eum

296 1321 450 1384 graecum
472 1322 544 1369 esse
567 1305 788 1386 contendunt).

400 1410 601 1469 Accusativus
624 1411 904 1470 animadvertendus
927 1417 971 1468 est
993 1411 1055 1468 Mil.
1082 1411 1164 1470 1030
1185 1415 1217 1470 ut
1239 1429 1311 1487 quae
1334 1416 1360 1470 te
1381 1429 1426 1472 cu-

291 1493 348 1638 1ιο7,
379 1511 442 1592 edm
470 1515 504 1554 ne
531 1513 671 1570 spernam
704 1496 791 1555 Cure.
815 1497 877 1555 305
899 1497 977 1556 land
999 1515 1080 1571 mage
1101 1515 1146 1557 00
1167 1499 1248 1572 cupis
1269 1515 1356 1572 quam
1378 1515 1427 1572 eqo

310 1599 324 1638 e
345 1597 437 1654 cupio.

399 1715 522 1801 putem.
565 1717 652 1782 Pera.
684 1718 746 1784 755
779 1739 871 1802 quom
900 1738 965 1792 nos,
999 1717 1154 1800 Iuppiter,
1188 1719 1302 1782 iuuisti
1334 1719 1428 1803 dique

297 1819 356 1880 alii
379 1839 481 1881 00000
504 1821 737 1902 caelipetam·
767 1823 855 1902 quod
877 1828 909 1885 et
932 1839 952 1883 a
973 1821 1095 1885 Loehio
1126 1828 1158 1884 et
1188 1821 1338 1886 Sohaafio
1370 1823 1426 1886 ad-

297 1919 411 1986 fertur:
443 1942 519 1986 000
544 1942 628 1998 vere,
653 1924 793 1988 dubitari
816 1928 932 2004 potest.
975 1922 1109 1987 Videtur
1132 1924 1218 1987 enim
1241 1926 1428 2005 caelipotens

298 2025 405 2105 potius
427 2044 486 2106 pro
509 2027 670 2091 adieetivo
694 2026 877 2108 composito
900 2024 1085 2090 habendum
1109 2044 1181 2090 esse
1197 2027 1313 2090 eodem
1329 2028 1426 2092 modo

297 2123 481 2204 formatum,
506 2148 570 2211 quo
595 2127 666 2193 Caa
690 2129 752 2193 262
774 2127 1000 2209 3000900700·
1027 2126 1102 2192 Cist.
1129 2128 1428 2208 1201090000οῆ
1534 2207 1540 2214 .

297 2229 338 2292 ib.
369 2233 428 2294 147
459 2233 655 2315 multiloqua,
688 2231 868 2310 multibiba·
901 2231 988 2294 Pers,
1015 2231 1077 2293 243
1101 2229 1268 2309 70002000
1299 2229 1340 2290 ib.
1363 2231 1427 2291 514

297 2333 514 2416 ,007070ᾳο00,ι
535 2335 600 2400 515
622 2333 802 2415 70007000·
824 2335 887 2399 702
902 2333 1182 2416 0000000700οῆ
1204 2331 1266 2397 708
1281 2330 1426 2392 0000000-

291 2435 450 2516 plicatus·
484 2438 542 2501 711
569 2436 787 2518 lncrifieadilis
811 2443 881 2518 eet,
910 2434 1112 2500 substantiva
1142 2435 1324 2516 composita
1355 2432 1427 2498 Cas.

299 2539 360 2602 968
384 2539 646 2622 lumbifrnqium,·
667 2542 753 2606 Pers
775 2541 814 2604 68
836 2541 1001 2622 7000000·
1022 2539 1086 2602 230
1100 2538 1343 2619 0000000700·
1365 2535 1427 2600 278

297 2641 468 2720 0000000,
498 2652 567 2724 cet,
592 2664 730 2728 qnorum
754 2644 839 2726 apud
861 2642 1010 2706 Plautum
1033 2660 1170 2722 magnus
1194 2647 1242 2706 est
1265 2658 1426 2704 numerus

297 2744 332 2806 ln
363 2746 413 2808 his
443 2747 495 2828 „i“
527 2749 666 2827 genetivi
693 2745 842 2810 suffixum
870 2764 934 2810 non
963 2763 1044 2824 esse,
1077 2744 1134 2808 sed
1157 2744 1313 2822 vocalem,
1345 2759 1428 2825 quae

299 2849 390 2928 quasi
415 2849 578 2913 vinculum
599 2850 762 2932 quoddam
780 2848 877 2912 ambo
894 2846 1040 2912 membra
1055 2847 1237 2928 composita
1253 2847 1427 2925 contineat,

298 2949 375 3012 mihi
397 2949 527 3032 quidem
549 2951 754 3015 verisimilius
780 2957 836 3015 est.
881 2950 1001 3014 Eadem
1030 2950 1157 3013 ratione
1187 2950 1319 3030 reliqna,
1345 2967 1429 3031 qnae

298 3050 402 3115 adfert
425 3051 547 3116 Sohaai
570 3055 612 3137 (p.
635 3054 701 3134 30),
729 3054 936 3134 multipotem,
964 3053 1141 3135 0000000οε,
1165 3053 1351 3134 sulsipotens
1373 3071 1428 3116 ex-

298 3155 448 3236 01100000
482 3173 553 3220 esse
587 3156 703 3237 probat
736 3159 927 3239 omnipotens
958 3156 1057 3222 Poen.
1088 3156 1160 3236 275,
1193 3156 1280 3237 quod
1310 3153 1433 3219 Schaal

297 3258 347 3320 his
370 3257 605 3336 adnumeravit,
630 3279 704 3324 eum
728 3262 835 3325 omni
858 3281 915 3342 pre
933 3260 1060 3325 omnis
1076 3258 1181 3324 ferma
1196 3259 1336 3340 genetivi
1352 3277 1428 3320 nns-

298 3378 396 3441 quam
424 3361 614 3426 inveniatur.
660 3361 723 3429 Sed
755 3371 860 3428 exstat
889 3370 1017 3446 praeter
1047 3363 1107 3426 hos
1130 3363 1212 3426 alius
1234 3362 1334 3440 loeus,
1363 3378 1428 3442 quo

297 3462 369 3526 libri
391 3466 576 3545 genetivum
599 3486 665 3531 000
688 3467 820 3531 dubium
844 3467 1005 3546 exhibent,
1028 3466 1126 3530 Pnen.
1150 3465 1233 3529 1182
1242 3470 1428 3546 praepoten-

297 3572 351 3644 703,
376 3568 510 3649 pulcrae
535 3571 687 3654 pacisque
711 3577 860 3652 potentes,
894 3590 991 3645 soror,
1021 3569 1152 3650 fuimus
1185 3588 1282 3650 neque
1314 3566 1353 3628 05
1379 3567 1429 3626 in·

298 3677 424 3733 uentnte
444 3671 489 3734 ibi
510 3673 681 3736 inridicule
704 3673 845 3748 habitam
867 3674 913 3736 ita
935 3673 1051 3752 Ussing
1074 3691 1148 3735 eum
1171 3671 1270 3750 libris,
1293 3687 1428 3751 praepo-

297 3780 393 3838 tentes
415 3782 524 3841 autem
547 3784 679 3860 propter
701 3795 841 3859 sequens
859 3782 999 3858 potentes
1021 3780 1208 3856 corruptum
1232 3778 1332 3854 putat.
1365 3770 1428 3835 Sed

291 3879 445 3962 pacisque
461 3887 611 3962 potentes,
636 3881 723 3963 qund
746 3880 857 3944 neseio
881 3897 923 3942 an
938 3884 1026 3943 reete
1042 3878 1159 3958 Ussing
1174 3876 1345 3959 explicavit
1361 3874 1428 3938 die-

296 3987 365 4044 tum
389 4001 471 4064 esse,
496 3983 583 4065 quod
606 3982 648 4047 ab
671 3984 838 4046 iuventute
860 3982 933 4045 illae
956 3981 1040 4045 duae
1060 3997 1190 4044 sorores
1209 3977 1346 4041 ludibrio
1362 3995 1429 4040 non

298 4094 392 4152 erant
414 4087 555 4165 habitae,
579 4086 632 4149 alii
655 4085 873 4167 repudiarunt.
906 4083 1013 4165 Atque
1037 4081 1137 4148 Goetz
1161 4088 1193 4146 et
1214 4081 1332 4145 Loewe
1348 4080 1429 4143 duee

298 4189 469 4271 Spengelio
492 4189 578 4253 hunc
600 4189 709 4253 locum
731 4189 777 4252 ita
800 4188 1010 4269 seripserunt:
1035 4187 1168 4268 pulcrae
1185 4183 1429 4266 praepollentes·

299 4312 367 4376 que,
390 4312 487 4368 soror,
505 4292 645 4373 fuimus.
