3312 5060
311 301 352 364 62

269 501 364 584 Quae·
388 503 508 568 locutio
538 509 711 586 postquam
743 505 836 588 quasi
866 505 900 568 in
925 503 1096 572 formulam
1126 505 1289 588 quandum
1312 505 1400 586 abiit,

263 607 405 688 primum
450 605 594 670 adverbii
639 625 773 672 munere
817 605 905 690 fungi
951 607 1135 689 incipiebat,
1187 609 1273 673 velut
1314 607 1402 672 Asin.

206 707 208 712 ’
270 709 334 776 650
356 709 526 790 primum
554 710 691 772 orarium
791 731 851 773 uou
876 731 1066 792 trepomus.
1111 711 1146 774 Iu
1168 711 1330 793 plerisque
1351 717 1402 774 ta-

270 831 345 876 men
377 829 460 894 quae
491 812 656 876 attulimus
689 813 844 894 exemplis
869 813 975 895 prima
1003 814 1057 878 illa
1079 813 1272 894 significatio
1295 814 1402 878 adiee-

268 915 336 978 tiva
358 917 455 978 etiem
479 933 565 979 nunc
588 900 728 980 discerni
749 922 870 996 potest;
889 917 1031 998 primum
1051 918 1186 978 omnium
1206 917 1293 982 enim
1309 917 1403 999 quasi

268 1036 328 1099 pro
359 1017 451 1098 „hoc
479 1017 644 1098 primum
675 1019 846 1082 omnium
874 1019 953 1084 diei
981 1019 1093 1083 volo“
1121 1019 1244 1083 dieitur.
1292 1019 1403 1102 ltaque

268 1120 363 1186 Mero.
388 1122 451 1187 608
468 1123 611 1202 primum
632 1122 770 1184 ommam
788 1123 943 1204 periimus
967 1141 1033 1186 non
1056 1128 1117 1186 est:
1151 1123 1318 1204 primurn
1340 1123 1403 1186 vel

270 1223 386 1305 primi
410 1225 616 1305 periimuS,
647 1224 704 1288 sed
727 1224 797 1288 hoe
822 1225 992 1288 omnium
1015 1225 1178 1306 primum
1201 1225 1277 1288 diei
1299 1227 1403 1289 volo:

272 1328 466 1410 periimus.
489 1363 529 1372 —
552 1326 685 1392 Duobus
707 1327 788 1390 loeis

371 1427 585 1514 primumdum
607 1429 760 1494 oeeurrit:
784 1429 867 1494 Trin.
885 1429 926 1494 98
937 1430 1156 1511 primmdum
1171 1431 1308 1492 omnium
1323 1431 1404 1492 mule

269 1533 435 1594 dictitatur
467 1531 541 1606 tidi;
573 1532 665 1597 Most·
695 1533 757 1596 400
791 1532 929 1594 omnium
956 1532 1175 1612 primumdum
1209 1531 1284 1594 haee
1313 1533 1404 1596 aedes

268 1636 334 1698 ium
351 1637 431 1718 sace
453 1637 593 1697 occlusae
615 1636 704 1698 sieut.

306 1812 309 1816 ,
372 1737 498 1802 interea
521 1739 579 1800 ioei
592 1737 617 1822 ¹)
647 1738 761 1802 Pseud.
784 1739 848 1802 266
873 1738 991 1800 interea
1014 1739 1074 1800 ioci
1096 1739 1125 1800 si
1147 1739 1229 1800 lueri
1251 1739 1328 1822 quid
1350 1739 1404 1802 de-

269 1847 338 1915 tur‚·
359 1839 443 1904 Men.
464 1843 527 1906 446
551 1861 642 1924 quom
664 1843 784 1902 intereo
808 1841 867 1902 loei
889 1861 1060 1922 muuquam
1082 1842 1251 1924 quiequam
1267 1842 1405 1924 faeirms

265 1945 337 2026 feei
354 1944 465 2025 peius‚·
487 1942 579 2008 True.
603 1945 643 2007 32
665 1945 785 2004 interea
809 1943 869 2005 ioei
890 1945 1070 2005 asceterium
1093 1951 1173 2006 aral.

373 2044 519 2131 postidea
542 2047 608 2110 loei.
643 2046 717 2112 Cist.
734 2048 795 2110 617
808 2047 955 2128 postidea
976 2047 1044 2122 loei,
1066 2048 1121 2129 qui
1141 2047 1282 2131 deliquit,
1302 2068 1404 2129 tropu-

272 2147 367 2223 loeis·
401 2147 498 2213 Stieh.
523 2149 584 2212 758
607 2149 752 2232 postidea
782 2149 849 2225 lori,
955 2150 1094 2212 celeriter
1121 2151 1257 2232 lepidam
1279 2157 1307 2211 et
1329 2171 1405 2212 sua-

270 2271 338 2312 uem
361 2253 533 2312 cautionem
556 2251 698 2334 aliquam
720 2252 850 2332 occipito
873 2252 1076 2315 eiuaedieom.

377 2351 481 2418 adhue
504 2355 640 2417 iocorum
664 2353 752 2436 Capt.
776 2355 839 2420 385
862 2362 897 2416 ut
916 2355 1020 2418 adhue
1036 2356 1261 2438 iocorumfeei,
1276 2356 1404 2437 sarium

270 2455 387 2520 sedulo.

373 2557 481 2644 postid
514 2560 658 2624 iocorum.
703 2559 774 2624 Cas
804 2564 866 2628 1⁴20
892 2561 1001 2644 postid
1035 2563 1171 2624 iocorum
1204 2562 1330 2646 quaudo
1361 2561 1405 2622 od

269 2661 382 2722 uillam
410 2663 543 2738 ueneris,
574 2662 704 2725 dabitur
726 2663 782 2725 tibi
805 2663 958 2746 ampliora
980 2685 1064 2740 uua;
1096 2665 1193 2730 Poeu.
1219 2665 1280 2728 144
1295 2663 1404 2746 postid

267 2751 407 2825 ‘locorum
434 2771 468 2825 tu
495 2764 573 2827 milri
600 2757 722 2828 arrroutl
749 2767 915 2848 ipuoseito;
949 2767 1041 2832 True.
1063 2770 1124 2834 661
1155 2767 1318 2830 eradicare
1339 2788 1403 2830 eer-

271 2872 367 2928 tumst
390 2868 573 2948 cumprimis
590 2874 726 2948 patrem,
745 2869 854 2949 postid
877 2869 1013 2931 iocorum
1034 2876 1172 2933 matrem.
1444 2874 1446 2878 '

372 2967 568 3033 Aduerbium
589 2968 775 3053 negativum
798 2991 897 3036 unum
921 2972 1082 3036 invenitur

375 3072 514 3136 minume
547 3093 621 3136 oum
642 3075 802 3154 genetivo
828 3077 967 3156 perreium
996 3075 1122 3141 duobus
1145 3077 1225 3140 loeis
1248 3077 1403 3140 coniunc-

269 3180 347 3237 tum.
392 3174 488 3240 Mero.
510 3175 570 3238 421
597 3176 682 3258 quid,
710 3177 739 3238 si
761 3177 862 3259 ipitur
883 3178 1038 3240 reddatur·
1059 3179 1119 3254 iili,
1143 3178 1227 3241 uude
1248 3174 1403 3259 eruptust?

269 3313 312 3322 —-
336 3277 473 3338 minume
503 3278 660 3359 peut-itum
693 3279 791 3344 Poen.
815 3281 879 3346 690
900 3281 947 3342 ita
969 3279 1019 3342 iili
1041 3281 1199 3358 diruerunt,
1230 3281 1301 3364 quei
1329 3278 1402 3341 hine

269 3400 289 3440 a
312 3399 360 3442 me
381 3379 526 3442 adierunt
548 3381 646 3459 modo,
670 3388 699 3443 te
720 3384 901 3466 prraeritare
923 3404 943 3445 a
966 3385 1090 3447 rutrseis.
1110 3421 1153 3428 —
1171 3383 1308 3444 minume
1328 3402 1401 3463 pen·

269 3482 356 3546 tium.
391 3481 452 3562 Qui
474 3484 642 3564 genetivus
664 3503 722 3566 per
744 3484 860 3548 salsam
883 3485 1068 3566 analogiam
1091 3486 1206 3550 horum
1230 3483 1401 3550 adverbio-

269 3604 341 3649 rum
365 3586 525 3668 exstitisse
548 3586 688 3652 videtur:
710 3607 867 3670 nusquam
888 3588 1036 3668 pestium,
1060 3588 1197 3650 minuare
1210 3588 1357 3670 perreium.

373 3755 393 3824 ¹)
410 3755 451 3807 Do
478 3755 675 3824 significatione
701 3753 754 3808 lori
781 3755 862 3826 (‚,die
886 3755 1151 3825 Verhtlltnissffl)
1184 3755 1233 3808 cfr.
1262 3755 1401 3823 Reisig·

268 3839 378 3893 Haase
396 3839 500 3893 Vorlos.
519 3841 535 3910 ξ
553 3841 612 3892 358.
659 3863 661 3868 ’
1379 3853 1381 3860 ’
