3306 5060
343 319 385 384 84

301 531 368 604 pino
409 532 553 602 omorost;
589 530 660 586 Aul.
692 530 755 588 554
783 533 833 604 qm'
863 533 1049 594 intromisisti
1081 535 1112 593 in
1145 533 1230 593 aeoles
1262 536 1426 609 quingentos

304 633 410 689 ooqmos
431 632 494 674 oum
516 615 592 674 semis
612 615 745 674 monibus
764 634 865 690 ymaro
884 637 1057 692 peryoaoooo
1080 618 1147 698 (efr.
1170 629 1322 697 praeterea
1335 621 1425 693 ditiis,

298 703 426 776 uirtute).

401 784 560 844 Ablntivus
586 805 623 843 ex
649 785 684 844 de
709 789 925 863 praepositione
952 791 1062 867 pendet
1082 791 1161 848 Rud.
1187 791 1268 852 1197
1292 810 1341 865 eqo
1362 811 1425 853 eom

298 874 333 934 do
352 890 453 948 omero
473 888 583 931 mmmo
605 870 778 932 adolescenti
799 873 881 938 dabo.

399 959 552 1033 prosapia.
596 957 687 1015 Mero.
717 957 780 1016 634
805 963 949 1034 roqitoros
976 964 1041 1036 qais
1071 967 1146 1022 osset
1171 962 1321 1022 antemio
1343 967 1424 1034 osset,

305 1064 362 1121 quo
378 1045 531 1120 prosapia.
575 1042 644 1102 Huo
665 1044 751 1102 etiam
773 1045 944 1104 referendus
965 1049 1082 1107 videtur

403 1130 539 1202 faotione.
583 1127 655 1187 bist.
693 1130 756 1188 318
788 1150 876 1206 meque
907 1151 960 1191 nos
989 1134 1113 1206 factione
1140 1137 1230 1203 tanto,
1257 1138 1366 1208 omento
1395 1138 1426 1194 tu

297 1234 406 1277 somus.
443 1213 500 1297 (De
523 1215 739 1292 signifioetione
760 1215 851 1276 huius
873 1219 957 1278 vocis
979 1218 1029 1277 cir.
1052 1219 1164 1296 Ussing
1186 1221 1223 1278 sd
1243 1221 1316 1278 Aul.
1341 1219 1425 1298 160).

401 1301 517 1360 toene.
562 1300 645 1378 Gapt.
670 1302 732 1360 279
755 1321 810 1376 qao
830 1304 966 1364 tomorast
985 1305 1066 1364 illio?
1086 1340 1127 1350 -
1149 1322 1260 1365 sommo
1282 1309 1367 1379 atque
1388 1306 1424 1365 ab

298 1390 419 1448 summis
439 1389 524 1446 utrm.

397 1473 538 1548 Denique
561 1473 707 1530 ablativus
730 1475 879 1548 qualitatis
902 1476 1023 1548 ponitur
1044 1475 1301 1540 substantivorum

399 1560 549 1633 gradibus.
594 1558 679 1634 Epid.
705 1558 743 1620 13
765 1564 799 1619 ut
820 1565 850 1619 to
873 1579 902 1619 os
922 1561 1062 1635 yrodibms
1081 1562 1248 1636 grandibus.

398 1648 518 1705 nomine.
563 1644 642 1705 Men.
674 1645 755 1702 1122
785 1664 841 1706 omo
866 1650 979 1706 nomino
1007 1647 1090 1707 ambo
1117 1651 1222 1720 erotis5
1248 1645 1333 1725 Oapt.
1361 1648 1424 1706 590

301 1750 389 1805 meque
406 1776 412 1790 .
428 1775 434 1788 .
452 1776 458 1790 .
474 1732 551 1791 ullos
573 1749 673 1790 seruos
693 1733 765 1791 istoc
786 1735 934 1792 nominost.

399 1819 509 1877 moitis.
553 1817 649 1875 Poen.
680 1817 761 1874 1303
791 1835 861 1877 sone
884 1837 972 1893 ymos
996 1819 1048 1878 boo
1077 1819 1292 1890 mulierosumst
1321 1821 1424 1878 tunicis

299 1903 478 1963 demissioiis.

401 1993 524 2063 sumpto.
576 1989 647 2045 Aul.
680 1987 744 2046 484
776 1993 804 2046 et
834 2007 888 2048 nos
922 1991 1032 2048 minore
1064 1994 1180 2064 smmpto
1213 1991 1304 2050 simus
1336 2008 1423 2064 quom

292 2092 400 2134 somus.

397 2177 472 2218 mooe.
517 2159 605 2216 Most.
630 2159 691 2217 576
713 2161 773 2218 soto
800 2163 826 2218 to
848 2160 920 2219 bomo
942 2178 1004 2219 esso
1024 2178 1100 2220 mooe.

400 2246 554 2304 Postremo
576 2247 653 2302 inter
675 2245 819 2302 ablativos
840 2247 988 2320 qualitatis
1010 2248 1034 2304 ie
1057 2265 1177 2322 quoque
1192 2265 1422 2304 commemoran-

297 2332 353 2389 dus
386 2340 439 2406 est,
474 2333 525 2406 qui
553 2350 607 2407 pro
637 2331 780 2389 adieetivo
807 2333 947 2389 attributo
970 2333 1140 2391 adverbium
1164 2336 1195 2391 tot
1215 2331 1272 2390 sibi
1294 2333 1421 2390 adscivit.

301 2416 390 2476 Most.
418 2417 479 2477 708
497 2417 551 2492 pol
571 2419 664 2476 messio
686 2421 719 2474 ot
738 2417 869 2476 moribus
890 2420 965 2476 sient
984 2422 1117 2490 oestron·
1138 2419 1191 2476 ubi
1212 2417 1323 2492 iniuria
1345 2418 1423 2478 vide-

302 2512 351 2561 tur
372 2503 487 2572 Lorenz
509 2504 725 2580 neglegentiam
758 2503 909 2579 scriptoris
936 2503 1159 2579 reprehendisse
1186 2504 1424 2579 (‚,naohltissiger

303 2590 463 2648 Ausdruok
486 2587 535 2647 fiir
557 2589 659 2662 quibus
680 2589 809 2648 moribus
831 2590 901 2647 oder
921 2594 954 2654 ot
967 2587 1142 2672 morotoe“)‚
1158 2609 1225 2648 oum
1241 2589 1360 2666 saepius
1374 2590 1423 2648 ad·

305 2677 408 2734 verbio
430 2695 485 2752 pro
515 2673 665 2733 adieetivis
693 2683 723 2732 et
749 2675 828 2751 apud
858 2676 931 2733 alios
953 2676 1109 2751 scriptores
1132 2685 1160 2733 et
1181 2677 1260 2752 apud
1280 2675 1422 2734 Plautum

298 2769 444 2837 usurpato
469 2763 528 2820 sint
554 2759 621 2839 (afr.
654 2760 766 2835 Ussing
799 2762 834 2817 ad
867 2761 977 2837 Amph.
1011 2761 1071 2824 571
1104 2763 1215 2821 atinam
1239 2765 1284 2821 ito
1312 2764 1422 2836 assem).

297 2845 410 2906 Similis
440 2856 484 2906 est
512 2849 596 2905 loeus
618 2844 728 2904 Bsooh.
755 2846 836 2904 1108
857 2849 946 2920 igitar
963 2849 1036 2921 pori
1055 2847 1184 2920 fortuna,
1208 2853 1301 2907 aetate
1322 2853 1354 2907 ot
1374 2865 1421 2906 sm·

298 2951 371 3002 mos,
406 2935 522 2992 utimur.
568 2930 758 3006 Quemquam
792 2932 824 2989 in
854 2930 900 2990 his
927 2933 1068 3009 exemplis
1095 2935 1194 2992 neseio
1215 2953 1253 2992 an
1276 2934 1420 2998 ablativus

298 3021 396 3094 potius
418 3028 569 3094 respectus
592 3037 681 3092 quem
705 3015 855 3091 qualitalis
877 3019 1091 3095 intellegendus
1113 3020 1158 3094 sit,
1182 3026 1216 3077 ut
1238 3020 1330 3078 artius
1352 3038 1419 3077 oum

298 3105 463 3181 praedicato
486 3107 640 3162 cohaereat
660 3107 693 3162 ut
714 3122 801 3177 quam
826 3123 894 3162 eum
917 3107 1111 3165 substantivo.
