3306 5060
302 352 363 417 106

358 553 556 622 commemini
585 556 685 621 semel
707 575 782 621 cum
804 555 953 639 genetivo
977 555 1174 621 construitur
1194 555 1278 620 irin.
1303 557 1383 622 1027

255 657 464 722 comrremimit
483 657 570 721 domi
582 657 616 743 ¹).

358 794 556 845 commouere
585 778 664 843 item
686 778 786 843 semel
808 797 883 842 cum
905 777 1056 860 genetivo
1078 778 1283 860 coniungitur
1302 777 1384 843 Rud.

256 881 318 945 743
351 899 446 962 prtem
479 879 566 944 hamc
589 879 684 945 uideo
706 865 854 944 mearum
876 899 924 945 me
946 879 1060 945 absens
1081 879 1290 945 miseriorum
1311 899 1385 944 con·

254 1001 372 1049 mortes.
396 1019 437 1029 -
459 982 602 1048 Verbum
625 984 761 1066 simplex
783 1002 913 1048 moerere
935 984 1021 1066 apud
1035 983 1186 1048 Plautum
1200 984 1385 1065 genetivum

254 1105 322 1152 non
344 1087 435 1168 regit,
459 1087 683 1151 accusativum
705 1105 783 1152 vero
806 1086 893 1151 haud
915 1086 962 1151 ite
984 1084 1140 1171 raro(cfr.
1158 1085 1292 1151 Schoeff
1301 1086 1385 1170 p.40

255 1194 322 1255 not.
344 1189 387 1273 2).

355 1308 391 1375 in
413 1307 551 1375 mentem
572 1307 695 1373 uenire.
735 1308 815 1372 Rud.
838 1309 901 1375 686
923 1328 1018 1390 quom
1040 1308 1171 1393 rremit²)
1195 1307 1233 1372 irc
1247 1311 1384 1373 merrtem

136 1402 139 1408 ’
252 1410 335 1477 mihi
356 1411 478 1476 mortis.

356 1536 514 1594 Ablativus
547 1554 584 1592 ex
617 1533 834 1610 praepositione
868 1533 902 1592 de
923 1535 1132 1610 pendetMost
1154 1533 1215 1592 271
1241 1537 1273 1592 ut
1294 1532 1385 1608 lepide

252 1626 339 1697 atque
371 1625 466 1681 estete
491 1622 520 1679 r'rr
549 1623 669 1678 mentem
689 1620 768 1678 uenit
789 1618 824 1677 de
845 1620 957 1694 speculo
979 1620 1082 1680 molae.
1106 1655 1149 1664 -
1170 1618 1383 1678 Nominetivus

253 1709 371 1784 saepius
394 1709 529 1784 ponitur3
553 1704 605 1769 cfr.
628 1704 748 1764 Scheeff
767 1725 795 1780 p.
818 1706 857 1762 41
881 1715 942 1764 not.
966 1705 995 1777 3,
1016 1705 1099 1764 Loch
1123 1726 1152 1781 p.
1175 1705 1224 1768 28.

356 1822 548 1889 mentionem
574 1821 690 1888 tacere.
733 1821 818 1886 Trin.
841 1824 903 1888 976
926 1822 1005 1887 omi
1026 1821 1089 1905 teci
1110 1822 1321 1902 mentionem
1342 1821 1383 1886 ib.

255 1929 338 1994 1069
372 1927 430 2008 qm'
462 1925 658 1990 mortonem
689 1925 781 1989 homo
812 1924 954 1990 homimis
975 1925 1052 2008 fecit
1073 1925 1206 2008 optumi.
1250 1925 1383 1990 Passive

252 2031 370 2095 dicitur
398 2028 479 2093 Rud.
507 2029 587 2094 1290
604 2017 694 2110 perii
715 2047 810 2110 quom
832 2029 1028 2093 mentionem
1050 2027 1382 2110 fterieudioesqeom

252 2131 378 2207 emmim
409 2132 528 2198 Bacch.
561 2132 624 2196 252
651 2130 748 2196 istius
770 2129 912 2196 honr-mis
934 2129 991 2196 eti
1011 2131 1051 2213 fit
1071 2152 1227 2215 quomque
1248 2129 1383 2210 memti0;
1479 2154 1482 2161 ·

253 2236 344 2301 Truc.
370 2238 431 2301 196
453 2234 599 2299 horresco
622 2233 751 2311 misere,
774 2233 895 2299 mentio
917 2234 1066 2316 quotiens
1086 2234 1126 2316 fit
1140 2233 1316 2316 partionis.

356 2355 391 2405 so
422 2337 458 2403 in
490 2337 684 2422 memoriam}
704 2335 867 2403 inducere.
911 2337 999 2404 Pers,
1032 2339 1095 2404 643
1127 2357 1169 2402 m
1190 2357 1329 2402 suarem
1350 2356 1383 2400 se

253 2440 461 2506 miseriarum
493 2440 532 2505 irc
564 2440 752 2506 memoriam
774 2440 919 2506 tederet.
964 2440 1032 2505 Hos
1054 2442 1222 2523 genetivos
1245 2459 1284 2507 ex
1307 2439 1383 2505 sub-

254 2546 397 2611 stantivo
429 2543 609 2626 (memorie,
639 2543 775 2627 memtr'o)
798 2545 945 2626 proxime
967 2545 1109 2627 pendere
1131 2544 1303 2608 verisimile
1325 2549 1383 2610 est.

356 2669 541 2745 Praepositio
574 2669 608 2727 de
640 2687 708 2725 cum
741 2669 870 2726 ablativo
905 2667 1026 2742 ponit-ur
1058 2668 1131 2724 Aul.
1154 2665 1383 2728 204311113-
1472 2725 1475 2732 ,

255 2757 357 2814 tionem
390 2773 439 2829 epo
471 2755 566 2828 fecero
589 2754 624 2812 de
643 2752 722 2824 lilim
746 2753 828 2810 Pers.
855 2753 914 2811 109
938 2770 996 2828 que
1018 2752 1106 2812 dere
1127 2770 1176 2826 ego
1199 2757 1287 2811 tecum
1309 2770 1384 2811 men·

256 2842 359 2900 tionem
381 2841 523 2912 seccrem;
546 2840 611 2898 Mil.
635 2838 697 2896 993
720 2838 974 2913 subauscultrmm,
999 2838 1097 2914 ecquid
1108 2838 1142 2897 de
1152 2857 1197 2898 me
1206 2837 1261 2909 siat
1271 2839 1384 2896 mentio.

358 2975 485 3022 mernor.
529 2956 625 3022 Mero.
647 2958 711 3021 996
733 2975 901 3020 memorem
923 2955 1007 3020 dices
1029 2954 1174 3036 tenestem
1196 2953 1381 3020 Pseudml

254 3059 309 3140 foc
341 3059 386 3123 sis
413 3058 569 3141 promissi
602 3079 721 3123 memor
727 3078 738 3139 ;
766 3059 864 3126 Stich.
886 3062 949 3126 578
972 3059 1060 3140 copti
1081 3056 1196 3123 consiti
1218 3075 1385 3122 memorem

256 3181 381 3238 monem·
402 3164 570 3254 genetivus
593 3181 633 3228 ex
655 3163 825 3244 adieetivo‚
849 3183 915 3228 non
939 3182 978 3229 ex
1000 3162 1100 3227 verbo
1122 3161 1248 3244 pendet.

360 3286 377 3323 *
389 3281 538 3349 obliuisci
571 3304 636 3350 uno
670 3290 798 3349 tentum
820 3284 903 3364 loco,
927 3289 959 3349 et
981 3283 1025 3347 ibi
1048 3302 1088 3348 ex
1111 3282 1298 3348 coniectura
1321 3278 1386 3346 Gu-

256 3387 364 3467 lielmi,
388 3406 462 3452 cum
485 3387 636 3471 genetivo
659 3389 869 3453 construitur:
891 3387 980 3462 Trin.
1002 3387 1084 3452 1018
1101 3382 1246 3450 trimme
1262 3386 1387 3464 tepote-

256 3488 319 3554 rie's
351 3489 523 3554 memoriae
555 3508 621 3554 esse
653 3489 801 3569 oblitum
835 3489 892 3556 sed
923 3508 998 3555 cum
1025 3488 1102 3554 alibi
1123 3488 1290 3570 genetivus
1312 3486 1387 3550 huic

257 3592 358 3659 verbo
391 3612 553 3676 nusquam
588 3593 819 3679 apponatur³),
854 3592 1019 3673 memorio,
1054 3593 1142 3676 quod
1164 3591 1270 3657 estin
1295 3590 1388 3656 codd.

257 3695 348 3776 Boo,
383 3695 518 3780 Seyffert
541 3699 723 3781 suspicatus
757 3703 808 3762 est
841 3716 880 3763 ex
912 3695 1076 3772 memorio,
1107 3696 1126 3759 i.
1153 3713 1179 3760 e.
1201 3692 1388 3757 memorium

258 3805 445 3883 corruptum
479 3819 562 3881 esse,
598 3819 738 3884 eumque
771 3800 873 3865 secuti
905 3799 988 3862 Brin¹
1010 3805 1042 3864 et
1064 3797 1180 3878 Ussing
1202 3795 1389 3860 memoriam

361 4023 382 4089 ¹)
399 4022 441 4074 De
459 4024 616 4076 accusativo
632 4022 696 4075 huic
714 4021 796 4074 verbo
816 4020 956 4088 adscripto
974 4019 1024 4074 cfr.
1041 4017 1153 4074 Scheeff
1160 4020 1177 4073 l.
1192 4019 1210 4073 l.
1220 4035 1245 4086 p.
1256 4019 1355 4071 40not.
1364 4017 1388 4069 1.

361 4108 382 4176 ¹)
399 4121 479 4176 quom
495 4105 573 4161 uenit
589 4107 679 4160 verbis
698 4106 823 4175 supplete
841 4109 883 4160 est
900 4106 1006 4160 lacuna.
1414 4104 1416 4108 '

360 4194 382 4261 ⁸)
409 4194 510 4262 Amph.
536 4194 604 4246 1024
629 4191 686 4247 etei
712 4207 754 4246 erc
779 4207 833 4246 erse
857 4191 977 4260 oblitum,
996 4207 1050 4245 non
1068 4190 1221 4244 necessario
1239 4189 1274 4242 ab
1292 4187 1390 4242 Linde·

259 4293 359 4332 menno
378 4283 442 4333 ente
459 4294 501 4332 me
519 4280 650 4333 insertum
669 4283 710 4332 est
727 4277 788 4332 met.
