3306 5060
1274 331 1335 395 135

241 539 279 598 tu
306 533 421 596 1111111111
448 533 581 598 constas
609 553 754 614 speruus,
789 533 877 615 quod
907 533 947 598 de
974 534 1059 598 veris
1086 534 1221 599 conchis
1249 535 1377 616 aliaque

246 635 344 699 maris
367 635 472 700 illuvie
494 635 743 717 intellegendum
766 651 839 700 esse
860 635 978 716 Ussing
1000 636 1166 700 contendit
1189 656 1237 700 vv.
1261 638 1324 700 690
1346 643 1377 702 et

242 740 306 802 261
332 757 402 820 sqq.
425 736 607 820 proferens3
634 743 785 802 naturum
808 737 998 803 muliebrem
1021 738 1075 802 olii
1096 739 1236 821 intellegi
1258 739 1377 803 volunt·

348 838 471 924 aliquid
506 859 689 923 pronomen
724 860 790 906 uno
826 843 899 906 loco
934 842 1118 922 genetivum
1156 843 1377 924 possessivum

242 944 390 1009 adscivit.
439 943 521 1010 Men.
557 946 618 1012 190
650 945 779 1008 iuterim
812 945 925 1027 nequis
958 945 1036 1026 quin
1068 946 1139 1025 cius
1172 945 1297 1029 aliquid
1329 947 1376 1010 in-

242 1047 342 1111 dutus
364 1048 430 1112 sies
443 1045 476 1131 ¹).

350 1146 491 1217 anulum.
531 1148 653 1214 Bacch.
681 1149 742 1213 327
774 1150 907 1214 anulum
933 1151 1026 1232 puali
1053 1151 1100 1213 tui
1122 1151 1226 1240 Ι1111111
1252 1155 1288 1212 ut
1318 1170 1377 1213 urc-

134 1327 138 1334 ,
245 1253 381 1315 niincris
404 1251 516 1333 ferrc,·
548 1251 609 1315 llil.
633 1251 696 1318 960
724 1253 793 1316 cius
814 1251 897 1316 hunc
920 1253 965 1316 nu'
987 1253 1119 1316 anulum
1141 1251 1185 1316 ad
1206 1257 1234 1316 tc
1257 1252 1378 1316 ancilia

238 1375 339 1435 porro
362 1359 397 1418 ut
419 1353 576 1436 deferrent
597 1353 692 1418 dedit.

350 1473 447 1520 arma.
491 1456 578 1539 Epid.
602 1457 643 1520 29
665 1455 719 1518 ubi
740 1477 833 1520 nrrnu
854 1461 930 1521 sunt
951 1455 1167 1537 Stratippocli.

349 1557 471 1626 clauus.
514 1559 602 1624 Asin.
628 1559 688 1624 156
706 1560 799 1642 ficus
827 1557 878 1623 iu
900 1559 989 1639 apud
1008 1579 1066 1624 uos
1088 1564 1136 1623 cst
1157 1559 1285 1623 unimus
1309 1563 1377 1622 tuos

243 1659 337 1724 clano
360 1661 529 1740 cupidinis.

351 1761 465 1828 cultor.
509 1763 596 1846 Epid.
621 1766 681 1828 185
705 1765 839 1828 cultrum
860 1762 956 1828 nabeo
977 1765 1072 1828 senis.

351 1864 528 1932 machaera.
565 1865 680 1932 Pseud.
705 1867 784 1931 1181
811 1866 1052 1931 conuenicbutnc
1072 1868 1105 1930 in
1121 1866 1274 1948 uupinuru
1289 1869 1376 1928 luunt

246 1967 416 2032 muchucro
439 1969 562 2034 militis.
1115 1988 1118 1996 '

351 2067 486 2154 signum.
534 2070 650 2151 Amph.
683 2071 743 2136 421
783 2071 1031 2152 Amphitruonis
1067 2071 1234 2152 obsipuatu
1265 2071 1377 2152 signu·

244 2169 340 2236 Curc.
364 2191 429 2254 arg.
452 2175 473 2238 4
497 2175 652 2256 copuoscit
670 2175 800 2256 siguum
822 2172 916 2255 Lyco,
932 2173 987 2236 ubi
1008 2173 1097 2250 cidit,
1114 2173 1235 2238 militis.
1275 2171 1375 2236 Paulo

245 2273 341 2339 aliter
366 2292 402 2338 se
424 2274 545 2340 habent
578 2275 662 2339 Trin.
693 2274 755 2340 189
789 2275 881 2338 anuli
907 2277 1040 2355 paterni
1072 2277 1200 2357 sipnnru
1232 2275 1378 2352 nonissc,·

243 2375 326 2441 Rud.
349 2378 411 2442 648
442 2376 575 2442 Veneris
597 2378 725 2460 signum
747 2383 822 2442 sunt
848 2377 1022 2457 amplexus,
1053 2378 1206 2460 quoniam
1230 2395 1295 2441 non
1319 2395 1374 2440 ea·

246 2478 321 2544 dem
355 2485 405 2542 est
437 2479 527 2546 notio
558 2479 649 2544 vocis
676 2481 804 2561 signum
833 2478 900 2560 (cfr.
923 2478 1006 2544 infra
1033 2479 1165 2562 egipto).
1189 2517 1229 2526 -
1252 2479 1375 2544 Adiun-

242 2587 364 2662 guntur

187 2674 188 2684 ¹
349 2683 447 2748 cibus.
492 2682 583 2766 Capi.
607 2685 670 2750 806
699 2703 762 2747 uae
792 2685 908 2748 misero
930 2683 981 2749 iili
1003 2684 1115 2766 quoius
1138 2683 1203 2748 cibo
1225 2685 1285 2747 isle
1300 2683 1375 2766 sac·

243 2791 312 2850 iusi
332 2788 542 2868 imperiosior.

349 2887 509 2974 pabulum.
552 2887 625 2954 Cas.
651 2891 710 2953 168
734 2895 766 2954 et
789 2891 850 2954 160
876 2895 912 2953 ut
937 2894 984 2953 cst
1005 2889 1131 2971 aliquus,
1160 2891 1262 2953 uiturn
1285 2891 1373 2969 colui,

246 2989 459 3058 Acclccruntis
474 2991 637 3072 pabulum.

349 3110 475 3178 uesper.
508 3093 588 3157 Rud.
614 3093 672 3159 181
696 3093 727 3156 si
750 3097 783 3156 iu
805 3093 842 3157 dc
866 3094 996 3158 iliorum
1019 3099 1188 3158 cenaturus
1210 3094 1374 3176 nespori's.

294 3253 295 3257 ,
350 3192 505 3281 supellex.
537 3194 619 3260 Men.
636 3195 705 3260 404
727 3195 821 3276 quasi
841 3195 984 3275 supellec
991 3197 1173 3276 pellionist:
1188 3197 1288 3278 palus
1298 3197 1376 3278 pulc

242 3302 444 3377 proxumust.

350 3399 559 3468 Substantiva
580 3399 669 3478 bona,
697 3399 838 3474 diuitiae,
866 3405 926 3464 cst.
948 3401 1133 3482 genetivum
1155 3403 1375 3485 possessivum

244 3509 376 3584 regunt:

283 3601 289 3618 ‘
350 3621 473 3685 1111111111,
499 3603 682 3693 argentum.
725 3603 844 3669 Bacch.
867 3605 930 3670 944
957 3605 1116 3670 exlecebra
1130 3607 1190 3690 fiel
1210 3606 1262 3670 liic
1283 3627 1376 3689 equos

245 3705 339 3772 1111111
362 3729 441 3772 uuro
463 3710 568 3787 senis·
589 3706 670 3772 Rud.
692 3707 755 3772 396
777 3711 944 3771 cicurum
966 3711 996 3770 ci
1018 3713 1184 3789 arpentum
1199 3709 1271 3790 fuit
1294 3711 1376 3774 leuo-

248 3811 302 3878 ut's
324 3829 412 3880 cnunc
435 3810 559 3874 ibidem.

351 3911 444 3977 buna.
487 3913 567 3979 Rud.
594 3913 654 3978 199
683 3933 731 3977 ern
759 3911 835 3978 hacc
862 3913 932 3996 cius
960 3917 1036 3977 sunt
1061 3911 1173 3977 bonurn
1193 3912 1377 3994 relliquiae·

250 4069 454 4076 ..w—...-

352 4151 373 4213 1)
391 4149 470 4204 Truc.
489 4151 539 4201 109
556 4151 583 4202 et
596 4165 664 4219 pars
680 4151 859 4218 spectatorum
876 4148 930 4202 scis
947 4148 984 4203 lis
1000 4148 1096 4218 spoliis
1113 4147 1239 4202 uolucri
1250 4147 1378 4213 mentiri·

247 4235 289 4288 sie
307 4233 390 4302 poulo
410 4235 550 4288 obscurius
568 4236 677 4302 scripsit
693 4235 800 4290 Schoell
818 4233 1009 4305 (ingenuit).
