3306 5060
231 561 289 632 dcc,
324 564 374 636 qui
407 564 530 624 acnuam
563 562 661 620 liberet
688 559 736 640 (ds
763 564 812 636 qui
837 581 865 620 v.
893 579 984 638 supra
1006 579 1096 622 unere
1117 571 1146 621 et
1166 559 1249 622 infra
1271 563 1352 636 darc,

231 648 340 718 ducere,
365 647 532 723 carperem,
556 648 661 724 licere).
1101 657 1103 662 '

333 745 508 834 perdocere
530 749 649 832 quarti.
685 748 807 812 Pseud*
830 747 892 812 85
922 750 1033 831 quenti
1068 749 1149 812 istuc
1181 769 1279 811 cerrum
1311 769 1359 811 me

231 851 400 934 coquinare
418 851 580 933 perduces,

333 958 472 1016 Ablstivo
494 975 667 1033 responsum
690 956 775 1014 detur
797 956 835 1015 ib.
859 953 979 1036 (Pseud.
1002 954 1078 1038 877)
1100 958 1128 1016 ci
1148 955 1250 1027 credie,
1274 975 1360 1016 rcum·

231 1060 286 1112 me,
313 1044 341 1100 ei
361 1061 426 1113 core,
449 1061 484 1103 ue
503 1043 584 1102 minc
605 1042 728 1118 quedem.

332 1158 464 1228 poscere
497 1144 616 1226 quarti.
659 1141 755 1208 Mero.
789 1143 854 1206 490
887 1142 978 1217 tereti,
1012 1140 1124 1223 quarti
1151 1142 1262 1225 poscit,
1296 1143 1354 1205 cic

232 1244 313 1306 tereti
334 1245 424 1306 illum
447 1247 518 1309 erui.

333 1351 493 1411 Ablativus
515 1352 584 1409 huic
617 1353 706 1410 verbo
735 1352 895 1426 apponitur
924 1346 1015 1411 Stich.
1046 1351 1108 1408 222
1131 1352 1196 1425 quis
1217 1368 1285 1410 cena
1302 1370 1358 1426 po·

231 1435 305 1495 scit?
325 1439 404 1511 ceput
419 1437 517 1511 poscit
532 1436 672 1511 merdic.

335 1535 485 1622 subigere
519 1538 659 1602 mercoris,
702 1535 816 1602 Pseud.
840 1537 902 1600 809
932 1555 978 1598 me
999 1556 1086 1598 uerno
1108 1543 1210 1619 potest
1231 1538 1364 1600 minoris

231 1657 371 1717 ccccmo,
395 1646 429 1701 ut
450 1660 590 1722 surpere,
614 1639 765 1722 recipere.

334 1739 437 1805 reiert
468 1741 602 1806 verbum
635 1741 851 1824 impersonale
869 1761 955 1822 eum
981 1741 1130 1823 genetivo
1159 1741 1253 1823 pretii
1280 1761 1360 1807 con-

234 1843 374 1924 struitur,
398 1845 425 1907 si
447 1845 559 1927 quanti
582 1845 657 1927 quid
679 1845 814 1909 alicuius
835 1843 962 1924 referat,
985 1844 1156 1909 indicatur.

336 1949 455 2029 quanti.
499 1948 613 2014 Pseud.
644 1949 726 2014 1085
753 1950 864 2031 peracti
885 1949 988 2027 refert
1010 1949 1038 2010 ei
1060 1969 1114 2010 nec
1136 1955 1216 2010 reete
1237 1948 1340 2010 dicere
1352 1969 1363 2023 ;

235 2048 314 2114 Rud.
337 2053 399 2116 966
422 2073 516 2135 quare
537 2055 649 2136 quanti
671 2053 752 2115 ccccc
774 2052 877 2134 refert
898 2073 975 2116 ecca.

336 2156 454 2237 meyri.
488 2155 549 2220 Mil.
572 2157 636 2221 882
650 2156 840 2218 meretricem
854 2157 1038 2218 commoneri
1052 2175 1146 2238 peram
1160 2175 1237 2218 ecce
1250 2156 1360 2238 meyri
1407 2169 1409 2176 ’

233 2253 360 2336 reserat,
385 2258 432 2319 nu
453 2259 570 2320 clamet.

331 2361 448 2442 pluris.
492 2361 609 2426 Bacch.
641 2361 704 2425 518
737 2367 811 2437 tum,
843 2380 933 2443 quom
963 2359 1103 2422 blandiri
1130 2359 1229 2422 cidilc
1253 2361 1364 2441 pluris

233 2461 350 2542 referet
362 2461 403 2548 1),·
425 2462 538 2529 Pseud.
564 2467 623 2530 102
653 2485 714 2526 core
730 2465 839 2546 pluris
860 2462 958 2546 refert
979 2483 1073 2546 querc
1096 2469 1169 2538 eet.‚·
1190 2463 1270 2527 Rud.
1293 2465 1355 2528 966

233 2564 332 2627 nihilo
348 2566 405 2647 pol
420 2567 529 2648 pluris
550 2574 606 2630 tue
627 2567 683 2630 icoc
705 2588 800 2651 pecare
821 2567 932 2650 quarti
954 2567 1037 2630 ittud
1058 2566 1156 2648 reteri
1178 2587 1254 2630 mec.

337 2670 473 2731 Ceterum
490 2675 619 2750 plurime
641 2675 838 2734 inveniuntur
860 2675 938 2750 apud
960 2674 1101 2732 Plautum
1123 2675 1213 2732 verba
1227 2682 1255 2730 et
1270 2675 1362 2731 adiec-

235 2758 306 2832 tiva‚
331 2778 407 2833 quse
430 2762 601 2833 ablativum,
622 2780 684 2818 non
706 2759 876 2837 genetivum
897 2759 983 2836 pretii
1006 2759 1185 2817 adsciscunt:

336 2844 462 2917 auferre.
505 2848 591 2904 Asin.
618 2848 676 2904 153
698 2865 786 2906 unum
808 2845 937 2920 quodque
957 2848 1080 2904 istorum
1101 2846 1219 2905 uerbum
1234 2847 1359 2903 nummis

235 2927 375 3004 leucippus
398 2934 495 2991 aurcis
516 2951 571 2991 con
588 2937 686 3006 potest
707 2933 826 3005 auferre
847 2933 910 2991 ictuc
933 2950 950 2990 c
973 2950 1024 2992 me.

335 3018 440 3077 cedere.
486 3017 573 3076 Cure.
607 3019 667 3077 201
692 3037 765 3077 auro
787 3022 888 3076 contra
910 3018 975 3077 cedo
997 3017 1155 3076 modestum
1177 3019 1350 3086 circatorem

234 3101 300 3159 Mil.
324 3103 386 3161 668
408 3103 475 3163 cedo
497 3106 553 3162 tris
573 3107 613 3162 mc'
634 3104 760 3163 homiues
782 3105 945 3163 aurichalco
967 3107 1076 3162 contra.

337 3189 415 3248 dare.
459 3190 530 3247 Aul.
565 3190 628 3247 384
660 3208 746 3264 quam
777 3192 901 3249 minume
929 3193 1042 3263 sumpto
1068 3187 1161 3259 lilium
1183 3192 1215 3246 ct
1235 3190 1355 3260 ruptum

232 3273 345 3347 durem,·
371 3277 460 3333 Mero.
490 3276 554 3334 440
576 3294 631 3334 nore
653 3279 762 3335 certium
784 3276 839 3349 (sc,
864 3273 966 3356 minis)
990 3275 1093 3345 dctcr;
1115 3274 1196 3332 Pers.
1220 3274 1280 3332 661
1306 3275 1364 3347 put

232 3359 327 3431 datur,
352 3364 425 3420 tacit
446 3361 557 3433 incitem
578 3363 615 3419 ib.
639 3361 699 3420 665
722 3364 874 3433 serapictc
895 3362 963 3419 haec
986 3361 1102 3419 dabitur
1125 3362 1237 3433 arpenti
1251 3361 1360 3430 minis;

231 3448 269 3508 ib.
303 3447 367 3505 590
398 3447 503 3516 iudica,
535 3449 659 3506 minemo
692 3446 816 3506 daturus
844 3449 893 3520 qui
915 3449 972 3518 ete·
994 3445 1042 3504 hie
1064 3444 1149 3521 pretii
1173 3445 1354 3520 significatio

232 3533 348 3591 duabus
376 3534 498 3592 vocibus
520 3535 645 3592 minemo
668 3535 766 3606 etqui
789 3551 925 3609 expressa
947 3541 1000 3604 est,
1023 3532 1052 3588 id
1075 3533 1155 3606 quod
1178 3533 1236 3588 iam
1260 3549 1352 3606 supra

232 3619 358 3677 vidimus
380 3619 444 3676 fieri
468 3615 547 3701 (pag.
571 3619 636 3698 93).

336 3704 444 3764 ducere.
489 3705 572 3763 Pers.
605 3705 668 3763 590
699 3704 804 3774 indica,
839 3705 964 3762 minemo
999 3701 1122 3761 daturus
1151 3704 1200 3775 put
1228 3703 1279 3770 sis,
1310 3703 1362 3774 pei

234 3789 298 3848 duct
320 3795 414 3864 queat.

334 3879 453 3950 eripere.
498 3876 589 3934 Mero.
612 3877 673 3934 341
697 3878 820 3936 amicam
841 3875 911 3934 midi
926 3875 1064 3949 paraui.
1080 3916 1086 3930 .
1100 3917 1107 3932 .
1119 3873 1212 3946 pretio
1235 3873 1338 3945 eripui.

297 4105 301 4116 '
336 4096 356 4165 ¹)
383 4095 427 4148 Sic
460 4095 582 4162 proxime
609 4094 644 4148 ad
674 4095 817 4148 lectionem
844 4094 946 4147 codicis
974 4094 998 4146 A
1024 4091 1196 4145 Brachmcnn
1227 4089 1358 4142 accedens

234 4181 352 4248 scripsit,
370 4196 447 4248 quem
472 4184 579 4234 secutus
598 4187 640 4234 est
658 4179 750 4234 Goetz.
786 4180 841 4233 Alii
860 4177 916 4234 alie
934 4179 1107 4232 coniecerunt
1124 4175 1185 4243 (cfr.
1204 4174 1317 4228 Schasff
1334 4191 1361 4241 p.

234 4266 268 4317 38
285 4272 312 4319 et
331 4265 437 4319 Goetzii
455 4265 519 4319 adn.
538 4265 573 4319 ad
592 4265 619 4318 h.
638 4266 668 4333 l.)
