<?xml version="1.0" encoding="UTF-8"?>
<!DOCTYPE html PUBLIC "-//W3C//DTD XHTML 1.0 Transitional//EN"
    "http://www.w3.org/TR/xhtml1/DTD/xhtml1-transitional.dtd">
<html xmlns="http://www.w3.org/1999/xhtml" xml:lang="en" lang="en">
 <head>
  <title>
</title>
<meta http-equiv="Content-Type" content="text/html;charset=utf-8" />
  <meta name='ocr-system' content='tesseract 3.04.00' />
  <meta name='ocr-capabilities' content='ocr_page ocr_carea ocr_par ocr_line ocrx_word'/>
</head>
<body>
  <div class='ocr_page' id='page_1' title='image "./degenetiviapudp01blomgoog_0122.png"; bbox 0 0 3306 5060; ppageno 0'>
   <div class='ocr_carea' id='block_1_1' title="bbox 1260 308 1318 372">
    <p class='ocr_par' dir='ltr' id='par_1_1' title="bbox 1260 308 1318 372">
     <span class='ocr_line' id='line_1_1' title="bbox 1260 308 1318 372; baseline 0 0"><span class='ocrx_word' id='word_1_1' title='bbox 1260 308 1318 372; x_wconf 76' lang='grc'>107</span> 
     </span>
    </p>
   </div>
   <div class='ocr_carea' id='block_1_2' title="bbox 234 507 1364 1003">
    <p class='ocr_par' dir='ltr' id='par_1_2' title="bbox 234 507 1364 798">
     <span class='ocr_line' id='line_1_2' title="bbox 235 507 1363 596; baseline 0 -20"><span class='ocrx_word' id='word_1_2' title='bbox 235 509 414 590; x_wconf 90' lang='lat' dir='ltr'>ediderunt;</span> <span class='ocrx_word' id='word_1_3' title='bbox 447 507 576 576; x_wconf 88' lang='lat' dir='ltr'>Schoell</span> <span class='ocrx_word' id='word_1_4' title='bbox 611 528 685 576; x_wconf 88' lang='lat' dir='ltr'>vero</span> <span class='ocrx_word' id='word_1_5' title='bbox 719 511 904 592; x_wconf 78' lang='lat' dir='ltr'>genetivum</span> <span class='ocrx_word' id='word_1_6' title='bbox 936 511 1095 594; x_wconf 86' lang='lat' dir='ltr'>praetulit,</span> <span class='ocrx_word' id='word_1_7' title='bbox 1126 512 1182 596; x_wconf 89' lang='lat' dir='ltr'>qui</span> <span class='ocrx_word' id='word_1_8' title='bbox 1197 513 1363 580; x_wconf 86' lang='lat' dir='ltr'>codiceF</span> 
     </span>
     <span class='ocr_line' id='line_1_3' title="bbox 235 611 1364 696; baseline 0.002 -18"><span class='ocrx_word' id='word_1_9' title='bbox 235 612 480 678; x_wconf 86' lang='lat' dir='ltr'>commendatur</span> <span class='ocrx_word' id='word_1_10' title='bbox 510 612 657 676; x_wconf 80' lang='lat' dir='ltr'><strong><em>memorie</em></strong></span> <span class='ocrx_word' id='word_1_11' title='bbox 691 611 877 696; x_wconf 78' lang='lat' dir='ltr'>praebente.</span> <span class='ocrx_word' id='word_1_12' title='bbox 922 611 985 679; x_wconf 90' lang='lat' dir='ltr'>Pro</span> <span class='ocrx_word' id='word_1_13' title='bbox 1009 621 1098 680; x_wconf 87' lang='lat' dir='ltr'>certo</span> <span class='ocrx_word' id='word_1_14' title='bbox 1121 633 1173 680; x_wconf 87' lang='lat' dir='ltr'>res</span> <span class='ocrx_word' id='word_1_15' title='bbox 1196 615 1364 682; x_wconf 89' lang='lat' dir='ltr'>diiudicari</span> 
     </span>
     <span class='ocr_line' id='line_1_4' title="bbox 234 717 425 798; baseline -0.01 -17"><span class='ocrx_word' id='word_1_16' title='bbox 234 717 287 781; x_wconf 87' lang='lat' dir='ltr'>vix</span> <span class='ocrx_word' id='word_1_17' title='bbox 309 721 425 798; x_wconf 86' lang='lat' dir='ltr'>potest.</span> 
     </span>
    </p>

    <p class='ocr_par' dir='ltr' id='par_1_3' title="bbox 237 799 1362 1003">
     <span class='ocr_line' id='line_1_5' title="bbox 336 799 1362 903; baseline 0.002 -19"><span class='ocrx_word' id='word_1_18' title='bbox 336 818 383 884; x_wconf 88' lang='lat' dir='ltr'>De</span> <span class='ocrx_word' id='word_1_19' title='bbox 410 819 526 885; x_wconf 85' lang='lat' dir='ltr'>ceteris</span> <span class='ocrx_word' id='word_1_20' title='bbox 551 819 646 888; x_wconf 89' lang='lat' dir='ltr'>huius</span> <span class='ocrx_word' id='word_1_21' title='bbox 668 817 758 884; x_wconf 86' lang='lat' dir='ltr'>verbi</span> <span class='ocrx_word' id='word_1_22' title='bbox 780 818 1075 884; x_wconf 78' lang='lat' dir='ltr'>constructionibus</span> <span class='ocrx_word' id='word_1_23' title='bbox 1097 839 1126 884; x_wconf 93' lang='lat' dir='ltr'>v.</span> <span class='ocrx_word' id='word_1_24' title='bbox 1147 799 1236 886; x_wconf 57' lang='lat' dir='ltr'>iioch</span> <span class='ocrx_word' id='word_1_25' title='bbox 1258 842 1288 903; x_wconf 93' lang='lat' dir='ltr'>p.</span> <span class='ocrx_word' id='word_1_26' title='bbox 1311 822 1362 902; x_wconf 85' lang='grc'>28,</span> 
     </span>
     <span class='ocr_line' id='line_1_6' title="bbox 237 920 623 1003; baseline 0 -17"><span class='ocrx_word' id='word_1_27' title='bbox 237 920 370 987; x_wconf 85' lang='lat' dir='ltr'>Schaaii</span> <span class='ocrx_word' id='word_1_28' title='bbox 389 942 418 1003; x_wconf 90' lang='lat' dir='ltr'>p.</span> <span class='ocrx_word' id='word_1_29' title='bbox 440 921 482 986; x_wconf 90' lang='grc'>42</span> <span class='ocrx_word' id='word_1_30' title='bbox 505 927 571 985; x_wconf 89' lang='lat' dir='ltr'>not.</span> <span class='ocrx_word' id='word_1_31' title='bbox 598 927 623 986; x_wconf 91' lang='lat'>1.</span> 
     </span>
    </p>
   </div>
   <div class='ocr_carea' id='block_1_3' title="bbox 234 1040 1363 1228">
    <p class='ocr_par' dir='ltr' id='par_1_4' title="bbox 234 1040 1363 1228">
     <span class='ocr_line' id='line_1_7' title="bbox 336 1040 1363 1126; baseline 0.002 -20"><span class='ocrx_word' id='word_1_32' title='bbox 336 1041 511 1108; x_wconf 80' lang='lat' dir='ltr'>immemor.</span> <span class='ocrx_word' id='word_1_33' title='bbox 545 1041 642 1108; x_wconf 88' lang='lat' dir='ltr'>Stich.</span> <span class='ocrx_word' id='word_1_34' title='bbox 665 1043 708 1108; x_wconf 87' lang='grc'>48</span> <span class='ocrx_word' id='word_1_35' title='bbox 730 1040 805 1106; x_wconf 82' lang='lat' dir='ltr'>uolo</span> <span class='ocrx_word' id='word_1_36' title='bbox 827 1062 890 1126; x_wconf 76' lang='lat' dir='ltr'>eye,</span> <span class='ocrx_word' id='word_1_37' title='bbox 913 1061 1013 1122; x_wconf 80' lang='lat' dir='ltr'>ooror,</span> <span class='ocrx_word' id='word_1_38' title='bbox 1029 1043 1177 1107; x_wconf 77' lang='lat' dir='ltr'>menradi</span> <span class='ocrx_word' id='word_1_39' title='bbox 1186 1063 1251 1108; x_wconf 80' lang='lat' dir='ltr'>ecoe</span> <span class='ocrx_word' id='word_1_40' title='bbox 1261 1043 1363 1108; x_wconf 78' lang='lat' dir='ltr'>imme·</span> 
     </span>
     <span class='ocr_line' id='line_1_8' title="bbox 234 1145 491 1228; baseline 0 -18"><span class='ocrx_word' id='word_1_41' title='bbox 234 1165 352 1210; x_wconf 87' lang='lat' dir='ltr'>morem</span> <span class='ocrx_word' id='word_1_42' title='bbox 374 1145 445 1210; x_wconf 78' lang='lat' dir='ltr'>uiri</span> <span class='ocrx_word' id='word_1_43' title='bbox 457 1145 491 1228; x_wconf 87' lang='lat'>¹).</span> 
     </span>
    </p>
   </div>
   <div class='ocr_carea' id='block_1_4' title="bbox 334 1538 1362 1624">
    <p class='ocr_par' dir='ltr' id='par_1_5' title="bbox 334 1538 1362 1624">
     <span class='ocr_line' id='line_1_9' title="bbox 334 1538 1362 1624; baseline -0.003 -18"><span class='ocrx_word' id='word_1_44' title='bbox 334 1538 511 1622; x_wconf 83' lang='lat' dir='ltr'>Adiectiva,</span> <span class='ocrx_word' id='word_1_45' title='bbox 532 1559 617 1624; x_wconf 84' lang='lat' dir='ltr'>quae</span> <span class='ocrx_word' id='word_1_46' title='bbox 632 1541 817 1622; x_wconf 83' lang='lat' dir='ltr'>genetivum</span> <span class='ocrx_word' id='word_1_47' title='bbox 832 1548 949 1623; x_wconf 80' lang='lat' dir='ltr'>regunt</span> <span class='ocrx_word' id='word_1_48' title='bbox 964 1541 1169 1622; x_wconf 87' lang='lat' dir='ltr'>obiectivurn,</span> <span class='ocrx_word' id='word_1_49' title='bbox 1185 1546 1242 1604; x_wconf 86' lang='lat' dir='ltr'>aut</span> <span class='ocrx_word' id='word_1_50' title='bbox 1256 1546 1362 1606; x_wconf 86' lang='lat' dir='ltr'>trans-</span> 
     </span>
    </p>
   </div>
   <div class='ocr_carea' id='block_1_5' title="bbox 233 1643 1362 2121">
    <p class='ocr_par' dir='ltr' id='par_1_6' title="bbox 233 1643 1362 2121">
     <span class='ocr_line' id='line_1_10' title="bbox 235 1643 1361 1726; baseline -0.002 -18"><span class='ocrx_word' id='word_1_51' title='bbox 235 1643 313 1708; x_wconf 84' lang='lat' dir='ltr'>itiva</span> <span class='ocrx_word' id='word_1_52' title='bbox 346 1651 402 1708; x_wconf 90' lang='lat' dir='ltr'>aut</span> <span class='ocrx_word' id='word_1_53' title='bbox 428 1644 631 1708; x_wconf 87' lang='lat' dir='ltr'>intransitiva</span> <span class='ocrx_word' id='word_1_54' title='bbox 658 1650 732 1707; x_wconf 88' lang='lat' dir='ltr'>sunt</span> <span class='ocrx_word' id='word_1_55' title='bbox 762 1650 888 1725; x_wconf 91' lang='lat' dir='ltr'>natura,</span> <span class='ocrx_word' id='word_1_56' title='bbox 917 1651 952 1709; x_wconf 88' lang='lat' dir='ltr'>ut</span> <span class='ocrx_word' id='word_1_57' title='bbox 974 1644 1012 1710; x_wconf 89' lang='lat' dir='ltr'>iis</span> <span class='ocrx_word' id='word_1_58' title='bbox 1035 1643 1216 1726; x_wconf 88' lang='lat' dir='ltr'>adscriptus</span> <span class='ocrx_word' id='word_1_59' title='bbox 1238 1644 1361 1726; x_wconf 75' lang='lat' dir='ltr'>geneti-</span> 
     </span>
     <span class='ocr_line' id='line_1_11' title="bbox 235 1745 1361 1832; baseline 0 -22"><span class='ocrx_word' id='word_1_60' title='bbox 235 1766 295 1812; x_wconf 88' lang='lat' dir='ltr'>vus</span> <span class='ocrx_word' id='word_1_61' title='bbox 328 1752 384 1811; x_wconf 90' lang='lat' dir='ltr'>aut</span> <span class='ocrx_word' id='word_1_62' title='bbox 417 1746 595 1810; x_wconf 86' lang='lat' dir='ltr'>accusativi</span> <span class='ocrx_word' id='word_1_63' title='bbox 629 1752 686 1810; x_wconf 90' lang='lat' dir='ltr'>aut</span> <span class='ocrx_word' id='word_1_64' title='bbox 719 1746 817 1811; x_wconf 87' lang='lat' dir='ltr'>dativi</span> <span class='ocrx_word' id='word_1_65' title='bbox 840 1745 997 1832; x_wconf 75' lang='lat' dir='ltr'>(ablativi)</span> <span class='ocrx_word' id='word_1_66' title='bbox 1023 1747 1111 1812; x_wconf 87' lang='lat' dir='ltr'>vices</span> <span class='ocrx_word' id='word_1_67' title='bbox 1133 1747 1292 1812; x_wconf 89' lang='lat' dir='ltr'>sustinere</span> <span class='ocrx_word' id='word_1_68' title='bbox 1313 1747 1361 1810; x_wconf 92' lang='lat' dir='ltr'>vi-</span> 
     </span>
     <span class='ocr_line' id='line_1_12' title="bbox 234 1848 1360 1932; baseline 0.001 -19"><span class='ocrx_word' id='word_1_69' title='bbox 234 1849 355 1915; x_wconf 85' lang='lat' dir='ltr'>deatur.</span> <span class='ocrx_word' id='word_1_70' title='bbox 388 1849 467 1914; x_wconf 90' lang='lat' dir='ltr'>ltem</span> <span class='ocrx_word' id='word_1_71' title='bbox 489 1849 658 1931; x_wconf 87' lang='lat' dir='ltr'>participia</span> <span class='ocrx_word' id='word_1_72' title='bbox 680 1849 835 1914; x_wconf 89' lang='lat' dir='ltr'>nonnulla</span> <span class='ocrx_word' id='word_1_73' title='bbox 858 1869 932 1914; x_wconf 89' lang='lat' dir='ltr'>cum</span> <span class='ocrx_word' id='word_1_74' title='bbox 954 1850 1103 1932; x_wconf 86' lang='lat' dir='ltr'>genetivo</span> <span class='ocrx_word' id='word_1_75' title='bbox 1127 1848 1286 1914; x_wconf 87' lang='lat' dir='ltr'>obiectivo</span> <span class='ocrx_word' id='word_1_76' title='bbox 1302 1867 1360 1931; x_wconf 87' lang='lat' dir='ltr'>po-</span> 
     </span>
     <span class='ocr_line' id='line_1_13' title="bbox 233 1951 1362 2038; baseline -0.001 -21"><span class='ocrx_word' id='word_1_77' title='bbox 233 1958 362 2034; x_wconf 85' lang='lat' dir='ltr'>nuntur,</span> <span class='ocrx_word' id='word_1_78' title='bbox 378 1971 577 2036; x_wconf 86' lang='lat' dir='ltr'>quamquam</span> <span class='ocrx_word' id='word_1_79' title='bbox 593 1952 695 2018; x_wconf 84' lang='lat' dir='ltr'>uerba</span> <span class='ocrx_word' id='word_1_80' title='bbox 708 1951 807 2034; x_wconf 87' lang='lat' dir='ltr'>finita,</span> <span class='ocrx_word' id='word_1_81' title='bbox 825 1972 963 2038; x_wconf 89' lang='lat' dir='ltr'>quorum</span> <span class='ocrx_word' id='word_1_82' title='bbox 978 1958 1054 2017; x_wconf 89' lang='lat' dir='ltr'>sunt</span> <span class='ocrx_word' id='word_1_83' title='bbox 1068 1953 1247 2036; x_wconf 88' lang='lat' dir='ltr'>participia,</span> <span class='ocrx_word' id='word_1_84' title='bbox 1264 1953 1362 2018; x_wconf 88' lang='lat' dir='ltr'>aliurn</span> 
     </span>
     <span class='ocr_line' id='line_1_14' title="bbox 234 2055 634 2121; baseline -0.003 0"><span class='ocrx_word' id='word_1_85' title='bbox 234 2074 346 2121; x_wconf 85' lang='lat' dir='ltr'>casum</span> <span class='ocrx_word' id='word_1_86' title='bbox 369 2055 430 2119; x_wconf 89' lang='lat' dir='ltr'>sibi</span> <span class='ocrx_word' id='word_1_87' title='bbox 451 2055 634 2120; x_wconf 88' lang='lat' dir='ltr'>adsumunt.</span> 
     </span>
    </p>
   </div>
   <div class='ocr_carea' id='block_1_6' title="bbox 236 2172 1364 2476">
    <p class='ocr_par' dir='ltr' id='par_1_7' title="bbox 236 2172 1364 2476">
     <span class='ocr_line' id='line_1_15' title="bbox 336 2172 1363 2258; baseline 0.001 -20"><span class='ocrx_word' id='word_1_88' title='bbox 336 2172 458 2243; x_wconf 74' lang='lat' dir='ltr'>doctus,</span> <span class='ocrx_word' id='word_1_89' title='bbox 502 2173 599 2241; x_wconf 90' lang='lat' dir='ltr'>Poen.</span> <span class='ocrx_word' id='word_1_90' title='bbox 622 2176 685 2242; x_wconf 83' lang='lat'>586</span> <span class='ocrx_word' id='word_1_91' title='bbox 708 2175 800 2240; x_wconf 81' lang='lat' dir='ltr'>hodie</span> <span class='ocrx_word' id='word_1_92' title='bbox 823 2175 908 2241; x_wconf 81' lang='lat' dir='ltr'>iuris</span> <span class='ocrx_word' id='word_1_93' title='bbox 931 2174 1085 2239; x_wconf 80' lang='lat' dir='ltr'>doctiores</span> <span class='ocrx_word' id='word_1_94' title='bbox 1107 2194 1176 2240; x_wconf 79' lang='lat' dir='ltr'>mort</span> <span class='ocrx_word' id='word_1_95' title='bbox 1198 2180 1287 2249; x_wconf 70' lang='lat' dir='ltr'>sicat,</span> <span class='ocrx_word' id='word_1_96' title='bbox 1305 2175 1363 2258; x_wconf 74' lang='lat' dir='ltr'>qui</span> 
     </span>
     <span class='ocr_line' id='line_1_16' title="bbox 236 2275 488 2359; baseline -0.016 -17"><span class='ocrx_word' id='word_1_97' title='bbox 236 2275 307 2342; x_wconf 79' lang='lat' dir='ltr'>lites</span> <span class='ocrx_word' id='word_1_98' title='bbox 329 2277 488 2359; x_wconf 59' lang='lat' dir='ltr'>crearem).</span> 
     </span>
     <span class='ocr_line' id='line_1_17' title="bbox 335 2399 1364 2476; baseline 0.001 -18"><span class='ocrx_word' id='word_1_99' title='bbox 335 2401 495 2459; x_wconf 80' lang='lat' dir='ltr'>Ablativua</span> <span class='ocrx_word' id='word_1_100' title='bbox 518 2420 587 2458; x_wconf 88' lang='lat' dir='ltr'>cum</span> <span class='ocrx_word' id='word_1_101' title='bbox 609 2399 643 2458; x_wconf 83' lang='lat' dir='ltr'>de</span> <span class='ocrx_word' id='word_1_102' title='bbox 665 2401 883 2476; x_wconf 80' lang='lat' dir='ltr'>praeposit-ione</span> <span class='ocrx_word' id='word_1_103' title='bbox 906 2401 1082 2459; x_wconf 89' lang='lat' dir='ltr'>coniunctus</span> <span class='ocrx_word' id='word_1_104' title='bbox 1104 2421 1141 2458; x_wconf 88' lang='lat' dir='ltr'>ex</span> <span class='ocrx_word' id='word_1_105' title='bbox 1164 2399 1276 2459; x_wconf 78' lang='lat' dir='ltr'>doctum</span> <span class='ocrx_word' id='word_1_106' title='bbox 1297 2399 1364 2470; x_wconf 74' lang='lat' dir='ltr'>ficri</span> 
     </span>
    </p>
   </div>
   <div class='ocr_carea' id='block_1_7' title="bbox 233 2485 1363 2634">
    <p class='ocr_par' dir='ltr' id='par_1_8' title="bbox 233 2485 1363 2634">
     <span class='ocr_line' id='line_1_18' title="bbox 233 2485 1363 2630; baseline 0 -86"><span class='ocrx_word' id='word_1_107' title='bbox 233 2488 341 2630; x_wconf 59' lang='lat' dir='ltr'>gaudet</span> <span class='ocrx_word' id='word_1_108' title='bbox 374 2486 454 2545; x_wconf 84' lang='lat' dir='ltr'>Pers.</span> <span class='ocrx_word' id='word_1_109' title='bbox 478 2487 541 2546; x_wconf 83' lang='lat'>540</span> <span class='ocrx_word' id='word_1_110' title='bbox 563 2490 607 2546; x_wconf 83' lang='lat' dir='ltr'>set</span> <span class='ocrx_word' id='word_1_111' title='bbox 629 2490 654 2544; x_wconf 85' lang='lat' dir='ltr'>te</span> <span class='ocrx_word' id='word_1_112' title='bbox 677 2486 711 2544; x_wconf 84' lang='lat' dir='ltr'>dc</span> <span class='ocrx_word' id='word_1_113' title='bbox 733 2486 809 2556; x_wconf 78' lang='lat' dir='ltr'>aliia,</span> <span class='ocrx_word' id='word_1_114' title='bbox 833 2504 920 2561; x_wconf 79' lang='lat' dir='ltr'>quum</span> <span class='ocrx_word' id='word_1_115' title='bbox 942 2487 1016 2545; x_wconf 81' lang='lat' dir='ltr'>otios</span> <span class='ocrx_word' id='word_1_116' title='bbox 1039 2487 1073 2545; x_wconf 86' lang='lat' dir='ltr'>de</span> <span class='ocrx_word' id='word_1_117' title='bbox 1095 2490 1121 2544; x_wconf 86' lang='lat' dir='ltr'>tc</span> <span class='ocrx_word' id='word_1_118' title='bbox 1143 2485 1363 2556; x_wconf 65' lang='lat' dir='ltr'>succinctiori</span> 
     </span>
     <span class='ocr_line' id='line_1_19' title="bbox 253 2577 338 2634; baseline 0.024 -2"><span class='ocrx_word' id='word_1_119' title='bbox 253 2577 338 2634; x_wconf 72' lang='lat' dir='ltr'>octos.</span> 
     </span>
    </p>
   </div>
   <div class='ocr_carea' id='block_1_8' title="bbox 233 2682 1389 3186">
    <p class='ocr_par' dir='ltr' id='par_1_9' title="bbox 233 2682 1389 3186">
     <span class='ocr_line' id='line_1_20' title="bbox 335 2682 1389 2770; baseline -0.004 -14"><span class='ocrx_word' id='word_1_120' title='bbox 335 2688 521 2756; x_wconf 76' lang='lat' dir='ltr'>*corocina</span> <span class='ocrx_word' id='word_1_121' title='bbox 557 2690 736 2756; x_wconf 70' lang='grc'><strong>11001247</strong></span> <span class='ocrx_word' id='word_1_122' title='bbox 760 2708 802 2754; x_wconf 79' lang='lat' dir='ltr'>rte</span> <span class='ocrx_word' id='word_1_123' title='bbox 824 2688 944 2754; x_wconf 77' lang='lat' dir='ltr'>conscii</span> <span class='ocrx_word' id='word_1_124' title='bbox 965 2688 1110 2770; x_wconf 71' lang='lat' dir='ltr'>metipsi</span> <span class='ocrx_word' id='word_1_125' title='bbox 1121 2686 1360 2768; x_wconf 77' lang='lat' dir='ltr'>mutficiicsois,</span> <span class='ocrx_word' id='word_1_126' title='bbox 1387 2682 1389 2685; x_wconf 76' lang='grc'><strong>’</strong></span> 
     </span>
     <span class='ocr_line' id='line_1_21' title="bbox 236 2789 1361 2878; baseline -0.003 -21"><span class='ocrx_word' id='word_1_127' title='bbox 236 2811 334 2878; x_wconf 89' lang='lat' dir='ltr'>quam</span> <span class='ocrx_word' id='word_1_128' title='bbox 357 2794 506 2860; x_wconf 89' lang='lat' dir='ltr'>codicum</span> <span class='ocrx_word' id='word_1_129' title='bbox 529 2793 702 2860; x_wconf 87' lang='lat' dir='ltr'>lectionem</span> <span class='ocrx_word' id='word_1_130' title='bbox 724 2794 855 2859; x_wconf 84' lang='lat' dir='ltr'>retinuit</span> <span class='ocrx_word' id='word_1_131' title='bbox 878 2792 1006 2859; x_wconf 87' lang='lat' dir='ltr'>Schoeil</span> <span class='ocrx_word' id='word_1_132' title='bbox 1028 2789 1361 2872; x_wconf 78' lang='lat' dir='ltr'>ntoificiiccaicabla·</span> 
     </span>
     <span class='ocr_line' id='line_1_22' title="bbox 233 2893 1361 2978; baseline 0 -19"><span class='ocrx_word' id='word_1_133' title='bbox 233 2898 335 2962; x_wconf 88' lang='lat' dir='ltr'>tivum</span> <span class='ocrx_word' id='word_1_134' title='bbox 356 2896 560 2962; x_wconf 85' lang='lat' dir='ltr'>instrumenti</span> <span class='ocrx_word' id='word_1_135' title='bbox 583 2915 657 2962; x_wconf 88' lang='lat' dir='ltr'>esse</span> <span class='ocrx_word' id='word_1_136' title='bbox 678 2897 850 2978; x_wconf 81' lang='lat' dir='ltr'>explicam.</span> <span class='ocrx_word' id='word_1_137' title='bbox 884 2893 948 2961; x_wconf 89' lang='lat' dir='ltr'>Sed</span> <span class='ocrx_word' id='word_1_138' title='bbox 970 2896 1061 2960; x_wconf 92' lang='lat' dir='ltr'>multi</span> <span class='ocrx_word' id='word_1_139' title='bbox 1083 2895 1143 2959; x_wconf 92' lang='lat' dir='ltr'>viri</span> <span class='ocrx_word' id='word_1_140' title='bbox 1164 2893 1250 2959; x_wconf 88' lang='lat' dir='ltr'>docti</span> <span class='ocrx_word' id='word_1_141' title='bbox 1266 2911 1361 2976; x_wconf 78' lang='lat' dir='ltr'>gone·</span> 
     </span>
     <span class='ocr_line' id='line_1_23' title="bbox 233 2995 1362 3085; baseline -0.001 -23"><span class='ocrx_word' id='word_1_142' title='bbox 233 3000 335 3064; x_wconf 88' lang='lat' dir='ltr'>tivum</span> <span class='ocrx_word' id='word_1_143' title='bbox 368 3000 589 3082; x_wconf 86' lang='lat' dir='ltr'>praetulerunt</span> <span class='ocrx_word' id='word_1_144' title='bbox 621 2999 699 3085; x_wconf 85' lang='lat' dir='ltr'>(qua</span> <span class='ocrx_word' id='word_1_145' title='bbox 731 3000 771 3064; x_wconf 89' lang='lat' dir='ltr'>de</span> <span class='ocrx_word' id='word_1_146' title='bbox 797 3018 832 3065; x_wconf 88' lang='lat' dir='ltr'>re</span> <span class='ocrx_word' id='word_1_147' title='bbox 855 2999 910 3064; x_wconf 84' lang='lat' dir='ltr'>cir.</span> <span class='ocrx_word' id='word_1_148' title='bbox 933 2997 1084 3065; x_wconf 88' lang='lat' dir='ltr'>Schoeilii</span> <span class='ocrx_word' id='word_1_149' title='bbox 1106 2997 1178 3062; x_wconf 86' lang='lat' dir='ltr'>adn.</span> <span class='ocrx_word' id='word_1_150' title='bbox 1202 2998 1279 3079; x_wconf 84' lang='lat' dir='ltr'>crit,</span> <span class='ocrx_word' id='word_1_151' title='bbox 1302 2995 1362 3064; x_wconf 90' lang='lat' dir='ltr'>Us-</span> 
     </span>
     <span class='ocr_line' id='line_1_24' title="bbox 236 3101 1030 3186; baseline 0 -20"><span class='ocrx_word' id='word_1_152' title='bbox 236 3103 330 3185; x_wconf 85' lang='lat' dir='ltr'>singii</span> <span class='ocrx_word' id='word_1_153' title='bbox 352 3111 536 3183; x_wconf 81' lang='lat' dir='ltr'>comment,</span> <span class='ocrx_word' id='word_1_154' title='bbox 559 3103 692 3184; x_wconf 83' lang='lat' dir='ltr'>Langen</span> <span class='ocrx_word' id='word_1_155' title='bbox 714 3102 810 3168; x_wconf 88' lang='lat' dir='ltr'>Beitr.</span> <span class='ocrx_word' id='word_1_156' title='bbox 832 3123 862 3186; x_wconf 91' lang='lat' dir='ltr'>p.</span> <span class='ocrx_word' id='word_1_157' title='bbox 886 3105 943 3168; x_wconf 91' lang='grc'>121</span> <span class='ocrx_word' id='word_1_158' title='bbox 969 3101 1030 3186; x_wconf 88' lang='lat' dir='ltr'>sq.)</span> 
     </span>
    </p>
   </div>
   <div class='ocr_carea' id='block_1_9' title="bbox 234 3207 1365 3514">
    <p class='ocr_par' dir='ltr' id='par_1_10' title="bbox 234 3207 1365 3514">
     <span class='ocr_line' id='line_1_25' title="bbox 335 3207 1363 3309; baseline -0.005 -21"><span class='ocrx_word' id='word_1_159' title='bbox 335 3207 506 3309; x_wconf 80' lang='lat' dir='ltr'>gnarus³).</span> <span class='ocrx_word' id='word_1_160' title='bbox 553 3221 639 3286; x_wconf 86' lang='lat' dir='ltr'>Asin.</span> <span class='ocrx_word' id='word_1_161' title='bbox 671 3223 731 3288; x_wconf 82' lang='lat'>551</span> <span class='ocrx_word' id='word_1_162' title='bbox 756 3222 1003 3303; x_wconf 76' lang='lat' dir='ltr'>indoctoresque</span> <span class='ocrx_word' id='word_1_163' title='bbox 1025 3240 1207 3286; x_wconf 75' lang='lat' dir='ltr'>acerrumos</span> <span class='ocrx_word' id='word_1_164' title='bbox 1226 3239 1363 3304; x_wconf 72' lang='lat' dir='ltr'>quarna-</span> 
     </span>
     <span class='ocr_line' id='line_1_26' title="bbox 234 3323 1365 3409; baseline -0.005 -17"><span class='ocrx_word' id='word_1_165' title='bbox 234 3345 295 3408; x_wconf 79' lang='lat' dir='ltr'>quc</span> <span class='ocrx_word' id='word_1_166' title='bbox 326 3326 433 3391; x_wconf 75' lang='lat' dir='ltr'>aoctrt&#39;</span> <span class='ocrx_word' id='word_1_167' title='bbox 466 3325 562 3409; x_wconf 58' lang='lat' dir='ltr'>terum</span> <span class='ocrx_word' id='word_1_168' title='bbox 595 3325 817 3407; x_wconf 87' lang='lat' dir='ltr'>praedicatum</span> <span class='ocrx_word' id='word_1_169' title='bbox 839 3325 957 3390; x_wconf 91' lang='lat' dir='ltr'>lacuna</span> <span class='ocrx_word' id='word_1_170' title='bbox 979 3324 1155 3389; x_wconf 86' lang='lat' dir='ltr'>absorbuit.</span> <span class='ocrx_word' id='word_1_171' title='bbox 1198 3323 1278 3388; x_wconf 90' lang='lat' dir='ltr'>Rud.</span> <span class='ocrx_word' id='word_1_172' title='bbox 1301 3324 1365 3387; x_wconf 89' lang='grc'>210</span> 
     </span>
     <span class='ocr_line' id='line_1_27' title="bbox 235 3426 930 3514; baseline -0.004 -20"><span class='ocrx_word' id='word_1_173' title='bbox 235 3448 293 3494; x_wconf 77' lang='lat' dir='ltr'>mcc</span> <span class='ocrx_word' id='word_1_174' title='bbox 316 3428 375 3494; x_wconf 88' lang='lat' dir='ltr'>loci</span> <span class='ocrx_word' id='word_1_175' title='bbox 392 3448 503 3514; x_wconf 72' lang='lat' dir='ltr'>quaro</span> <span class='ocrx_word' id='word_1_176' title='bbox 525 3449 597 3493; x_wconf 80' lang='lat' dir='ltr'>aum</span> <span class='ocrx_word' id='word_1_177' title='bbox 618 3447 677 3492; x_wconf 82' lang='lat' dir='ltr'>nec</span> <span class='ocrx_word' id='word_1_178' title='bbox 698 3427 773 3492; x_wconf 80' lang='lat' dir='ltr'>diua</span> <span class='ocrx_word' id='word_1_179' title='bbox 794 3427 846 3492; x_wconf 82' lang='lat' dir='ltr'>hic</span> <span class='ocrx_word' id='word_1_180' title='bbox 867 3426 930 3510; x_wconf 80' lang='lat' dir='ltr'>fui.</span> 
     </span>
    </p>
   </div>
   <div class='ocr_carea' id='block_1_10' title="bbox 236 3629 1369 4289">
    <p class='ocr_par' dir='ltr' id='par_1_11' title="bbox 237 3629 1365 3775">
     <span class='ocr_line' id='line_1_28' title="bbox 337 3629 1365 3704; baseline -0.009 -15"><span class='ocrx_word' id='word_1_181' title='bbox 337 3638 358 3704; x_wconf 88' lang='lat'>¹)</span> <span class='ocrx_word' id='word_1_182' title='bbox 383 3635 463 3688; x_wconf 89' lang='lat' dir='ltr'>Hunc</span> <span class='ocrx_word' id='word_1_183' title='bbox 489 3649 597 3689; x_wconf 80' lang='lat' dir='ltr'>versum</span> <span class='ocrx_word' id='word_1_184' title='bbox 624 3639 652 3687; x_wconf 84' lang='lat' dir='ltr'>et</span> <span class='ocrx_word' id='word_1_185' title='bbox 672 3635 718 3700; x_wconf 87' lang='lat' dir='ltr'>qui</span> <span class='ocrx_word' id='word_1_186' title='bbox 735 3638 886 3701; x_wconf 85' lang='lat' dir='ltr'>sequuntur</span> <span class='ocrx_word' id='word_1_187' title='bbox 903 3647 988 3700; x_wconf 79' lang='lat' dir='ltr'>usque</span> <span class='ocrx_word' id='word_1_188' title='bbox 1006 3630 1041 3685; x_wconf 87' lang='lat' dir='ltr'>ad</span> <span class='ocrx_word' id='word_1_189' title='bbox 1059 3649 1084 3683; x_wconf 89' lang='lat' dir='ltr'>v.</span> <span class='ocrx_word' id='word_1_190' title='bbox 1102 3632 1134 3682; x_wconf 79' lang='lat'>57</span> <span class='ocrx_word' id='word_1_191' title='bbox 1153 3629 1293 3684; x_wconf 85' lang='lat' dir='ltr'>Plautinos</span> <span class='ocrx_word' id='word_1_192' title='bbox 1311 3643 1365 3681; x_wconf 91' lang='lat' dir='ltr'>non</span> 
     </span>
     <span class='ocr_line' id='line_1_29' title="bbox 237 3719 564 3775; baseline -0.009 0"><span class='ocrx_word' id='word_1_193' title='bbox 237 3734 296 3775; x_wconf 76' lang='lat' dir='ltr'>esso</span> <span class='ocrx_word' id='word_1_194' title='bbox 314 3719 454 3774; x_wconf 82' lang='lat' dir='ltr'>contendit</span> <span class='ocrx_word' id='word_1_195' title='bbox 472 3720 564 3774; x_wconf 84' lang='lat' dir='ltr'>Goetz.</span> 
     </span>
    </p>

    <p class='ocr_par' dir='ltr' id='par_1_12' title="bbox 337 3801 1161 3874">
     <span class='ocr_line' id='line_1_30' title="bbox 337 3801 1161 3874; baseline -0.007 -15"><span class='ocrx_word' id='word_1_196' title='bbox 337 3807 358 3874; x_wconf 74' lang='lat'>²)</span> <span class='ocrx_word' id='word_1_197' title='bbox 376 3804 457 3873; x_wconf 74' lang='lat' dir='ltr'>iuria,</span> <span class='ocrx_word' id='word_1_198' title='bbox 476 3806 548 3873; x_wconf 88' lang='lat' dir='ltr'>quod</span> <span class='ocrx_word' id='word_1_199' title='bbox 566 3811 608 3859; x_wconf 86' lang='lat' dir='ltr'>est</span> <span class='ocrx_word' id='word_1_200' title='bbox 626 3806 653 3858; x_wconf 93' lang='lat' dir='ltr'>in</span> <span class='ocrx_word' id='word_1_201' title='bbox 672 3807 736 3858; x_wconf 79' lang='lat' dir='ltr'>Aet</span> <span class='ocrx_word' id='word_1_202' title='bbox 747 3805 778 3874; x_wconf 89' lang='lat' dir='ltr'>B,</span> <span class='ocrx_word' id='word_1_203' title='bbox 797 3805 881 3857; x_wconf 85' lang='lat' dir='ltr'>ceteri</span> <span class='ocrx_word' id='word_1_204' title='bbox 899 3801 1005 3856; x_wconf 80' lang='lat' dir='ltr'>codices</span> <span class='ocrx_word' id='word_1_205' title='bbox 1024 3802 1161 3855; x_wconf 85' lang='lat' dir='ltr'>omittunt.</span> 
     </span>
    </p>

    <p class='ocr_par' dir='ltr' id='par_1_13' title="bbox 236 3885 1369 4289">
     <span class='ocr_line' id='line_1_31' title="bbox 337 3885 1366 3961; baseline -0.009 -16"><span class='ocrx_word' id='word_1_206' title='bbox 337 3894 361 3961; x_wconf 79' lang='lat'>³)</span> <span class='ocrx_word' id='word_1_207' title='bbox 376 3890 509 3961; x_wconf 70' lang='lat' dir='ltr'>onerario</span> <span class='ocrx_word' id='word_1_208' title='bbox 526 3907 586 3944; x_wconf 87' lang='lat' dir='ltr'>cum</span> <span class='ocrx_word' id='word_1_209' title='bbox 605 3906 659 3946; x_wconf 78' lang='lat' dir='ltr'>erac</span> <span class='ocrx_word' id='word_1_210' title='bbox 676 3891 849 3944; x_wconf 87' lang='lat' dir='ltr'>coniunctum</span> <span class='ocrx_word' id='word_1_211' title='bbox 867 3890 911 3956; x_wconf 92' lang='lat'>(=</span> <span class='ocrx_word' id='word_1_212' title='bbox 928 3888 1046 3954; x_wconf 83' lang='lat' dir='ltr'>novisse)</span> <span class='ocrx_word' id='word_1_213' title='bbox 1064 3887 1199 3940; x_wconf 84' lang='lat' dir='ltr'>obiectum</span> <span class='ocrx_word' id='word_1_214' title='bbox 1218 3885 1245 3937; x_wconf 92' lang='lat' dir='ltr'>in</span> <span class='ocrx_word' id='word_1_215' title='bbox 1258 3897 1366 3936; x_wconf 83' lang='lat' dir='ltr'>accusa·</span> 
     </span>
     <span class='ocr_line' id='line_1_32' title="bbox 236 3971 1367 4046; baseline -0.008 -16"><span class='ocrx_word' id='word_1_216' title='bbox 236 3976 293 4030; x_wconf 83' lang='lat' dir='ltr'>tivo</span> <span class='ocrx_word' id='word_1_217' title='bbox 319 3977 439 4031; x_wconf 84' lang='lat' dir='ltr'>adsumit</span> <span class='ocrx_word' id='word_1_218' title='bbox 465 3977 547 4030; x_wconf 85' lang='lat' dir='ltr'>Most.</span> <span class='ocrx_word' id='word_1_219' title='bbox 565 3978 617 4028; x_wconf 92' lang='grc'>100</span> <span class='ocrx_word' id='word_1_220' title='bbox 633 3975 717 4029; x_wconf 70' lang='lat' dir='ltr'>simod</span> <span class='ocrx_word' id='word_1_221' title='bbox 730 3989 864 4046; x_wconf 69' lang='lat' dir='ltr'>your-terea</span> <span class='ocrx_word' id='word_1_222' title='bbox 880 3989 930 4028; x_wconf 79' lang='lat' dir='ltr'>aco</span> <span class='ocrx_word' id='word_1_223' title='bbox 946 3972 1007 4026; x_wconf 67' lang='lat' dir='ltr'>uolt)</span> <span class='ocrx_word' id='word_1_224' title='bbox 1024 3971 1235 4026; x_wconf 72' lang='lat' dir='ltr'>maturarem</span> <span class='ocrx_word' id='word_1_225' title='bbox 1252 3983 1367 4032; x_wconf 66' lang='lat' dir='ltr'>numam·</span> 
     </span>
     <span class='ocr_line' id='line_1_33' title="bbox 236 4053 1369 4130; baseline -0.01 -14"><span class='ocrx_word' id='word_1_226' title='bbox 236 4076 315 4129; x_wconf 84' lang='lat' dir='ltr'>quom</span> <span class='ocrx_word' id='word_1_227' title='bbox 341 4063 524 4118; x_wconf 79' lang='lat' dir='ltr'>accusativum</span> <span class='ocrx_word' id='word_1_228' title='bbox 542 4063 603 4130; x_wconf 87' lang='lat' dir='ltr'>plus</span> <span class='ocrx_word' id='word_1_229' title='bbox 621 4061 778 4116; x_wconf 80' lang='lat' dir='ltr'>offensionis</span> <span class='ocrx_word' id='word_1_230' title='bbox 796 4060 905 4128; x_wconf 85' lang='lat' dir='ltr'>habere,</span> <span class='ocrx_word' id='word_1_231' title='bbox 924 4073 1005 4126; x_wconf 82' lang='lat' dir='ltr'>quam</span> <span class='ocrx_word' id='word_1_232' title='bbox 1023 4056 1087 4126; x_wconf 76' lang='lat' dir='ltr'>quid</span> <span class='ocrx_word' id='word_1_233' title='bbox 1106 4054 1155 4110; x_wconf 75' lang='lat' dir='ltr'>titt</span> <span class='ocrx_word' id='word_1_234' title='bbox 1172 4055 1242 4110; x_wconf 72' lang='lat' dir='ltr'>huuc</span> <span class='ocrx_word' id='word_1_235' title='bbox 1259 4053 1369 4108; x_wconf 84' lang='lat' dir='ltr'>tactioct</span> 
     </span>
     <span class='ocr_line' id='line_1_34' title="bbox 237 4139 1368 4217; baseline -0.011 -14"><span class='ocrx_word' id='word_1_236' title='bbox 237 4149 346 4216; x_wconf 82' lang='lat' dir='ltr'>similia,</span> <span class='ocrx_word' id='word_1_237' title='bbox 364 4164 433 4217; x_wconf 82' lang='lat' dir='ltr'>quae</span> <span class='ocrx_word' id='word_1_238' title='bbox 450 4147 523 4216; x_wconf 88' lang='lat' dir='ltr'>apud</span> <span class='ocrx_word' id='word_1_239' title='bbox 541 4147 667 4202; x_wconf 83' lang='lat' dir='ltr'>Plautum</span> <span class='ocrx_word' id='word_1_240' title='bbox 685 4149 753 4201; x_wconf 84' lang='lat' dir='ltr'>satis</span> <span class='ocrx_word' id='word_1_241' title='bbox 771 4147 874 4200; x_wconf 84' lang='lat' dir='ltr'>usitata</span> <span class='ocrx_word' id='word_1_242' title='bbox 888 4150 959 4214; x_wconf 79' lang='lat' dir='ltr'>sunt,</span> <span class='ocrx_word' id='word_1_243' title='bbox 969 4160 1023 4199; x_wconf 91' lang='lat' dir='ltr'>non</span> <span class='ocrx_word' id='word_1_244' title='bbox 1032 4159 1137 4198; x_wconf 85' lang='lat' dir='ltr'>censeo.</span> <span class='ocrx_word' id='word_1_245' title='bbox 1163 4143 1252 4196; x_wconf 84' lang='lat' dir='ltr'>Aliter</span> <span class='ocrx_word' id='word_1_246' title='bbox 1259 4139 1368 4195; x_wconf 78' lang='lat' dir='ltr'>Bitschi</span> 
     </span>
     <span class='ocr_line' id='line_1_35' title="bbox 239 4235 397 4289; baseline -0.006 0"><span class='ocrx_word' id='word_1_247' title='bbox 239 4239 267 4289; x_wconf 84' lang='lat' dir='ltr'>et</span> <span class='ocrx_word' id='word_1_248' title='bbox 283 4235 397 4289; x_wconf 84' lang='lat' dir='ltr'>Loranz.</span> 
     </span>
    </p>
   </div>
   <div class='ocr_carea' id='block_1_11' title="bbox 0 0 1660 5060">
    <p class='ocr_par' dir='ltr' id='par_1_14' title="bbox 0 0 1660 5060">
     <span class='ocr_line' id='line_1_36' title="bbox 0 0 1660 5060; baseline 0 0"><span class='ocrx_word' id='word_1_249' title='bbox 0 0 1660 5060; x_wconf 95' lang='lat' dir='ltr'> </span> 
     </span>
    </p>
   </div>
  </div>
 </body>
</html>
