3306 5060
313 391 374 456 166

265 575 442 660 Praetereo
473 573 634 642 Metuit)
665 577 695 640 si
726 583 868 659 operaest
899 575 1032 641 eunius
1065 577 1220 643 librorum
1242 597 1338 661 opero
1360 579 1394 643 in

264 699 379 762 operae
400 679 613 744 eommutavit
634 679 748 760 Bothe,
772 697 870 764 quem
892 681 1038 764 sequitur
1060 679 1170 746 Goetz.
1213 680 1309 747 llere.
1330 682 1395 748 286

264 782 380 866 Men,
403 783 434 844 si
464 779 591 844 uideam
623 779 681 845 tibi
712 801 839 864 operam
871 801 936 844 esso
969 788 1026 846 aut
1052 784 1149 846 otium
1171 783 1270 848 edidit
1293 781 1395 849 Goetz

265 885 446 952 seeundum
480 883 620 964 codices,
650 883 805 950 Muellero
833 901 911 950 vero
942 905 1068 967 operam
1097 886 1271 969 displicuit3
1294 905 1394 969 quare

265 1007 379 1071 operae
412 987 561 1067 coniecit,
595 987 691 1070 eique
724 987 904 1052 adsentitur
935 986 1011 1050 Brix
1044 985 1100 1072 (ad
1128 987 1190 1052 Mil.
1220 988 1304 1072 253).
1348 988 1395 1054 De

267 1089 383 1172 Amph.
406 1091 485 1172 prol.
512 1091 570 1154 151
599 1090 867 1172 operaepretium
888 1109 917 1154 v,
940 1107 1039 1172 supra
1065 1096 1169 1173 genet.
1192 1090 1318 1172 obiect,
1342 1091 1397 1156 ubi

266 1193 389 1260 similes
409 1194 473 1260 looi
495 1211 609 1260 omnes
631 1193 762 1258 tractati
784 1199 868 1258 sunt.

266 1309 268 1316 '
372 1295 481 1383 copiae
509 1315 548 1362 ex
576 1316 640 1359 esse
668 1297 790 1380 pendet
817 1295 935 1361 Bacch.
958 1297 1021 1362 422
1050 1316 1127 1379 nepo
1148 1295 1204 1359 stol
1225 1297 1281 1360 hoo
1302 1297 1398 1360 annis

268 1399 389 1483 uipinti
404 1400 514 1483 fuisse
531 1401 648 1486 primis
670 1400 791 1483 eopiue;
814 1398 886 1464 Cae.
905 1400 969 1465 810
982 1400 1038 1462 illo
1053 1398 1166 1482 morbo,
1182 1421 1241 1483 quo
1256 1400 1399 1484 dirumpi

268 1503 370 1586 cupio,
392 1523 455 1566 non
477 1509 521 1566 ost
543 1504 650 1586 copiae
662 1503 696 1588 ¹).
739 1502 832 1568 Prius
858 1521 936 1568 vero
965 1503 1157 1586 exemplum,
1181 1522 1256 1568 oum
1279 1503 1398 1568 editoe

267 1624 401 1692 quoque
432 1625 614 1690 pronomen
645 1607 814 1689 genetivus
847 1605 989 1689 quodam
1023 1605 1121 1672 modo
1153 1605 1264 1672 referri
1300 1625 1399 1689 posse

268 1709 442 1790 videretur,
465 1727 564 1794 snpra
586 1711 670 1776 inter
691 1710 859 1792 genetivos
881 1709 1071 1792 quantitatis
1092 1709 1196 1792 posui.

372 1815 585 1875 Nominetivus
611 1817 644 1874 in
672 1814 761 1872 simili
787 1813 932 1872 sententie
954 1814 1074 1890 ponitur
1100 1812 1165 1872 Mil.
1191 1814 1270 1874 1041
1292 1815 1401 1876 multae

268 1901 346 1962 tom
378 1903 453 1963 istoc
484 1903 610 1977 copiunt,
644 1901 748 1976 quilius
773 1902 858 1974 copia
884 1917 941 1958 ooo
967 1903 1025 1970 eet;
1052 1897 1138 1977 Oept.
1166 1901 1228 1960 216
1250 1919 1294 1978 sq.
1315 1919 1401 1978 quotu

267 2005 343 2064 quoe
363 1989 496 2050 uolumus
517 2005 570 2047 nos
591 1989 705 2061 copiast
725 1984 793 2060 (cfr.
815 1993 911 2060 genet.
936 1985 1066 2064 obieci).

760 2173 917 2182 ..-

371 2309 545 2376 Genetivus
567 2306 811 2375 exclamationis
833 2328 916 2372 nnus
942 2307 1029 2391 apud
1052 2307 1201 2372 Plautum
1222 2307 1420 2372 invenitur?

268 2413 361 2480 Most.
384 2415 447 2481 912
468 2414 503 2477 di
526 2413 724 2491 immortales,
748 2412 928 2475 rneroimont'
949 2412 1055 2494 lepidi.

373 2619 395 2690 ¹)
414 2617 504 2688 coptos
523 2620 556 2684 A,
573 2616 649 2688 eopia
667 2621 687 2669 B
707 2615 790 2687 (quod
809 2615 921 2670 retinuit
940 2615 1059 2685 Ussing).
