3312 5060
327 297 367 361 66

281 500 394 561 81111111
419 519 456 560 eu
480 501 730 577 praepositionem
755 502 944 577 praebentem
966 499 1039 558 Aul.
1064 500 1127 558 206
1149 518 1237 576 neque
1257 501 1308 558 illo
1330 501 1408 576 quis·

281 591 396 664 quamsi
422 587 496 646 ulter
517 586 599 644 hodie
620 604 656 644 ex
674 589 847 660 paupertate
863 586 994 662 parcior,
1017 587 1117 644 nescio
1140 605 1178 644 en
1200 595 1276 644 recte
1298 586 1408 664 Ussing

279 676 321 732 ite
343 673 475 748 explicet,
499 691 562 730 non
583 689 739 730 numerum
755 691 930 748 pauperum,
951 672 1083 730 sedeam
1099 673 1176 730 vitae
1192 672 1405 748 condicionem,

279 761 359 818 unde
381 760 493 816 orietur
518 758 706 832 parsimonie,
730 757 872 832 intellegi.
917 757 1024 815 Holtze
1047 777 1116 814 vero
1140 755 1341 822 Camerarium
1365 777 1407 816 se·

279 861 367 904 cutus
389 853 417 901 et
439 845 620 902 collectivam
642 844 703 901 vim
729 845 915 901 substantivo
943 847 1114 918 paupertate
1139 844 1323 902 substituens
1353 864 1406 919 pro

281 952 335 1006 „ex
367 930 467 989 ordine
496 949 547 988 seu
577 948 701 987 numero
731 947 903 1004 pauperum,
926 949 963 986 ex
985 926 1185 1004 pauperibus“
1209 930 1320 988 dictum
1343 947 1406 988 esse

299 1025 364 1075 utet
386 1015 418 1089 (Ι
440 1035 467 1090 p.
491 1015 535 1086 6).

277 1037 298 1094 p
376 1131 492 1218 quiuis.
535 1131 652 1213 Amph.
679 1131 759 1213 prol.
786 1131 826 1196 27
853 1131 907 1194 ille
933 1129 1080 1214 Iuppiter
1100 1152 1164 1194 non
1185 1133 1289 1194 minus
1311 1153 1405 1214 quom

255 1241 259 1249 '
277 1244 417 1300 nostrum
439 1235 545 1319 quiuis
562 1235 725 1317 formidat
747 1235 877 1296 molum.

378 1441 446 1506 His*
467 1441 612 1525 proxime
639 1441 799 1506 accedunt
821 1440 843 1504 ii
864 1441 937 1521 loci,
967 1440 1022 1505 ubi
1043 1441 1212 1522 genetivus
1234 1441 1403 1523 partitivus

275 1547 316 1612 ad
346 1542 580 1632 pronominalis
601 1543 652 1608 vel
674 1541 833 1608 slicctive
861 1541 1040 1608 numeralia
1069 1543 1189 1608 relatus
1220 1551 1284 1624 est;
1317 1547 1403 1627 apud

273 1649 423 1712 Plautum
444 1647 527 1712 haec
549 1645 769 1710 inveniuntur:
793 1646 905 1726 alter,
929 1653 1027 1733 uter,
1050 1653 1229 1730 uterque,
1251 1654 1402 1728 neuter,

276 1753 397 1831 solue,
421 1751 533 1831 ullus,
557 1749 699 1826 11111115,
721 1766 827 1812 unus.
861 1747 984 1828 Quibus
1006 1749 1211 1814 adiciendum
1231 1757 1281 1816 est
1303 1751 1402 1816 subst.

274 1873 402 1920 nemo.

377 1953 462 2020 ultor
484 1974 557 2019 oum
579 1954 729 2036 genetivo
751 1954 980 2037 pronominum
1001 1954 1055 2016 ille
1081 1961 1115 2021 ct
1141 1955 1170 2017 ts
1190 1958 1402 2040 coniungitur.

275 2060 346 2125 Cae.
375 2059 438 2124 445
460 2059 588 2121 illorum
609 2077 656 2119 me
677 2058 758 2120 citer
779 2058 909 2136 cruciat,
937 2059 1018 2121 aiter
1038 2065 1192 2134 mocerat,·
1222 2060 1309 2143 Epid.
1338 2061 1402 2127 240

274 2161 318 2224 ibi
349 2162 481 2224 illorum
513 2161 615 2224 altero
646 2160 729 2224 dicit
755 2161 814 2238 iili,
845 2161 972 2245 quicum
999 2162 1070 2244 ipsc
1099 2162 1177 2243 ibat,
1210 2161 1271 2227 Mil.
1294 2163 1401 2230 62161

272 2266 403 2328 itionem
431 2265 533 2327 altero
560 2283 654 2346 „erpo
675 2270 847 2328 mecastor“
863 2315 869 2330 .
886 2316 914 2329 ..
937 2266 1056 2349 inquit,·
1077 2265 1192 2349 Amph.
1207 2266 1271 2331 483
1291 2287 1397 2329 eorum

272 2367 513 2450 Amphitruonis
541 2367 622 2429 citer
651 2375 703 2446 est,
729 2368 811 2430 citer
831 2365 1000 2444 Iouis,··ib.
1024 2370 1107 2434 1139
1130 2389 1236 2431 eorum
1262 2369 1343 2432 ulter
1371 2375 1399 2431 te

270 2472 432 2534 inmortali
453 2470 579 2552 adficiet
599 2471 720 2553 piorum
741 2472 838 2538 Poen.
861 2473 939 2554 prol.
962 2475 1000 2536 61
1019 2493 1124 2535 eornm
1138 2473 1219 2535 citer
1232 2473 1326 2549 uiuit,
1342 2473 1392 2535 oi-

271 2582 318 2638 ter
339 2582 384 2637 est
405 2581 571 2650 emortuos;
596 2575 637 2639 ih.
660 2577 739 2657 prol.
766 2577 807 2642 96
837 2597 946 2638 eorum
974 2576 1025 2638 ieie
1052 2576 1233 2638 adulescens
1263 2575 1396 2638 aiterum

267 2679 415 2761 efflictim
439 2679 539 2761 perit;
571 2679 612 2743 ih.
645 2681 727 2744 1095
752 2679 839 2745 item.
862 2714 903 2726 -
925 2679 1007 2745 Men.
1030 2680 1109 2762 prol.
1130 2681 1173 2745 26
1195 2679 1318 2761 inponit
1339 2698 1390 2761 pe·

266 2783 386 2845 minum
417 2783 491 2844 item
522 2783 657 2844 aiterum
689 2783 724 2844 in
757 2802 870 2844 nortem
894 2787 998 2864 pater,
1021 2781 1217 2847 vocabulum
1238 2783 1396 2864 pentinum

266 2906 325 2969 pro
355 2886 542 2951 accusativo
569 2886 676 2950 verius
699 2884 846 2966 fortasse,
870 2904 969 2968 quom
991 2905 1049 2968 pro
1070 2886 1218 2968 genetivo
1245 2885 1392 2965 hebetur,

266 3008 464 3071 quamquam
491 3006 543 3052 res
573 3005 632 3071 pro
663 2994 753 3053 certo
787 2989 956 3053 diiudicari
985 2989 1038 3052 vix
1066 2989 1186 3071 possit3
1218 3005 1325 3070 neque
1355 3006 1394 3052 ex

266 3091 430 3157 Ritschelii
461 3091 649 3156 coniectura
671 3092 702 3155 in
724 3092 919 3174 peninornm
941 3093 1132 3156 mutandum
1155 3097 1205 3157 est
1234 3090 1302 3173 (cfr.
1325 3089 1394 3155 suli.

266 3215 335 3257 -um
357 3214 416 3276 pro
439 3195 568 3276 orum).
990 3247 991 3252 ,

367 3295 450 3362 utor.
495 3295 566 3361 Cas.
590 3296 653 3363 274
681 3299 885 3380 experiemur,
916 3305 1056 3362 nostrum
1079 3305 1149 3361 uter
1170 3298 1212 3360 sit
1235 3297 1396 3372 blarediom

264 3398 379 3482 Amph.
402 3398 513 3482 fragm.
535 3399 607 3464 XIV
630 3401 684 3483 qui
705 3422 840 3485 nequeas
862 3407 1042 3465 nostrorum
1064 3407 1133 3464 uter
1148 3402 1190 3463 sit
1204 3399 1394 3482 Amphitruo
1437 3484 1441 3491 .

264 3502 441 3579 decemtere;
462 3503 531 3568 Aul.
553 3504 612 3568 321
639 3511 708 3566 uter
728 3511 936 3568 nostrorumst
957 3506 1088 3568 celerior
1095 3527 1105 3580 ,·
1126 3504 1211 3572 Men.
1228 3505 1310 3570 1085
1325 3509 1395 3565 uter

264 3611 469 3668 nostrorumst
481 3607 506 3690 1)
540 3607 689 3670 aduectus
722 3629 839 3672 meeum
872 3607 974 3672 noui?
1003 3646 1044 3654 —
1076 3606 1157 3673 Cum
1191 3606 1392 3672 substantivo

264 3709 472 3774 coniunctum
502 3709 659 3776 (1111292
689 3718 795 3774 ntrom
824 3712 939 3776 horum
962 3713 1011 3776 uis
1034 3712 1244 3775 condicionem
1273 3710 1395 3791 accipe,

263 3811 346 3879 Trin.
368 3814 432 3877 228
454 3832 517 3875 non
540 3813 643 3896 liquet,
667 3821 772 3877 utrum
795 3814 910 3878 inrum
932 3822 1032 3878 ortem
1053 3822 1250 3898 expetessom.

365 3916 509 4000 uterquc.
541 3916 630 3982 Asin.
654 3919 716 3986 688
738 3924 904 4003 utrumqne
925 3926 1067 3983 nostrum
1087 3940 1196 3994 serum·
1218 3918 1310 3982 Truc.
1326 3918 1386 3983 961

262 4038 374 4082 uerum
394 4020 520 4102 utrique
541 4039 605 4084 utos
623 4027 755 4103 per-ntur
775 4021 937 4084 amborum
959 4021 1182 4096 1111111111,ι
1203 4020 1388 4102 genetivum

364 4206 385 4272 ²)
401 4206 558 4258 nostrorum
575 4205 720 4275 Gruterus3
739 4207 811 4275 quod
829 4209 857 4262 in
875 4207 953 4261 libris
971 4212 1013 4262 est
1029 4213 1153 4265 nostrum
1168 4207 1268 4260 retinet
1283 4207 1358 4260 Brix.
